2475 3723
480 126 551 181 ς’.
649 102 1144 167 ‚nosram
1204 102 1346 163 DE
1407 69 1971 171 cosmon-⁴

554 226 693 301 Qis
720 217 845 277 illos
866 222 1041 291 igitur
1056 224 1219 294 pu‘tet
1239 218 1418 277 beatos

628 305 777 381 Qos
794 299 974 374 miseri
992 298 1248 357 tribuunt
1267 299 1477 358 bonores
1503 300 1539 360 ,θ

877 458 1470 519 PRosA
1595 462 1940 519 V.···

390 664 397 677 ·
540 622 601 684 N
626 642 759 682 vero
787 642 957 701 regna
986 656 1009 693 ,
1054 642 1368 703 regumque
1392 620 1770 683 familiaritas
1791 627 2010 687 efficere
2053 647 2160 704 po-

579 720 799 763 tentem
824 703 1075 761 valent?
1114 702 1284 785 'Quid
1307 708 1397 772 ni,
1425 705 1656 782 quand'o
1678 724 1874 764 eorum
1895 706 2157 767 felicitas

382 805 665 867 perpetuo
710 785 981 863 perdurat
1004 784 1043 848 ἓ,
1073 782 1264 862 Atqui
1318 784 1490 863 plena
1515 784 1594 843 est
1617 789 2015 865 exemplorum
2053 810 2161 847 ve-

384 867 613 939 tustas,
656 866 827 945 plena
879 869 1058 923 etiam
1104 864 1344 943 praesens
1391 884 1569 937 atas,
1614 872 1712 945 qui
1769 888 1926 947 reges
1964 868 2166 927 felici·

383 966 566 1009 tatem
610 948 949 1007 calamitate
987 950 1348 1003 mutaverint
1375 987 1388 1001 .
1432 946 1488 1005 O
1533 948 1798 1025 praeclara
1845 952 2103 1027 potentia
2135 983 2159 1017 ,

386 1050 515 1111 quae
539 1051 643 1087 nec
662 1029 733 1087 ad
780 1025 1281 1086 conservationem
1305 1027 1536 1106 quidem
1555 1027 1640 1086 sui
1663 1026 1800 1087 satis
1847 1032 2043 1089 efficax
2069 1033 2162 1086 in·

382 1104 661 1171 venitur!
707 1109 883 1190 Quod
920 1106 958 1165 fi
1000 1109 1129 1167 haec·
1157 1110 1460 1188 regnorum
1503 1106 1752 1186 potestas
1777 1110 2160 1169 beatitudinis

386 1192 595 1250 enitor
636 1190 715 1247 est
740 1226 761 1260 ‚
804 1210 997 1247 noune
1022 1188 1062 1247 fi
1102 1194 1219 1268 'qua
1268 1208 1429 1268 parte
1471 1188 2162 1259 defuerit‚·felieitatem

390 1279 623 1332 minuat
648 1306 669 1341 ‚
713 1268 999 1328 miseriam
1026 1273 1304 1347 importet
1327 1272 1352 1327 ?
1389 1272 1494 1329 Sed
1523 1274 1794 1347 quamvis
1818 1272 1938 1331 late
1960 1273 2162 1330 huma-

388 1372 467 1410 na
490 1351 805 1409 tendantur
828 1351 1073 1424 imperia
1096 1370 1141 1420 ·,·
1164 1352 1358 1425 plures
1381 1351 1598 1408 neceffe
1641 1350 1732 1408 est·
1741 1370 1942 1430 gentes
1979 1352 2164 1409 reliu-

394 1435 499 1509 qui
540 1428 747 1508 quibus
792 1449 985 1505 regum
1028 1428 1273 1505 quisque
1317 1450 1432 1485 uon
1500 1432 1781 1507 imperet.
1847 1436 1994 1511 Qua·
2021 1452 2158 1488 vero

382 1526 558 1589 parte
602 1509 801 1567 beatos
822 1504 1043 1565 faciens
1064 1507 1274 1564 definit
1319 1506 1609 1585 potestas,
1652 1510 1757 1567 hac
1802 1514 2158 1587 impotentia

384 1588 673 1652 subintrat
703 1626 722 1660 ,
766 1608 885 1668 quae
931 1585 1169 1646 miseros
1190 1587 1375 1647 facit:
1422 1589 1531 1647 hoc
1556 1593 1732 1669 igitur
1755 1593 1932 1649 modo
1963 1592 2157 1665 majo·

380 1690 507 1731 *rem
532 1670 760 1751 regibus
804 1670 979 1728 inesse
1026 1668 1243 1728 necesse
1264 1668 1342 1728 est
1363 1668 1604 1729 miseriae
1628 1676 1951 1748 portionem
1979 1714 1992 1728 .
2032 1670 2160 1729 Ex-

385 1770 599 1833 pertus·
630 1749 795 1810 sortis
839 1748 945 1809 suae
988 1752 1372 1829 periculorum
1418 1769 1702 1828 tyrannus
1726 1788 1746 1826 ,
1784 1758 1943 1833 regni
1967 1772 2156 1812 metus

384 1834 697 1915 pendentis
720 1830 885 1912 supra
910 1837 1187 1893 verticem
1212 1832 1396 1913 gl'adii
1419 1850 1634 1894 terrore
1657 1834 1855 1894 fimula
1867 1840 1951 1894 vit
1980 1877 1992 1890 .
2015 1838 2155 1916 Quas

386 1915 469 1975 est
495 1920 671 1995 igitur
716 1916 837 1973 haec.
870 1913 1123 1990 potestas
1164 1935 1284 1992 qua*-
1329 1913 1764 1973 solicitudinum
1813 1915 2030 1976 morsus
2057 1936 2156 1974 ex-

385 1996 609 2074 pellere
632 2031 657 2065 ,
696 1997 839 2072 ‘lut'
860 1993 1237 2052 formidinum
1259 1994 1495 2050 aculeos
1519 1999 1706 2050 vitare
1741 2001 1945 2071 nequit
1969 1997 1992 2052 ?
2039 1998 2156 2054 Ata

388 2075 737 2152 quivelient
780 2073 882 2149 ipfi
908 2070 1113 2128 vixisse
1154 2069 1379 2139 securi,
1426 2069 1515 2126 sed
1562 2091 1895 2149 nequeunt:
1945 2077 2154 2135 dehinc

386 2157 459 2212 de
482 2149 759 2228 potestate
780 2150 1109 2229 gloriantur
1132 2146 1283 2206 ...An
1309 2165 1375 2206 tu
1421 2168 1718 2226 potentem
1764 2153 1956 2212 censes
1981 2177 2149 2234 quem

387 2235 587 2294 videas
614 2230 769 2290 velle
811 2231 965 2307 quod
1008 2229 1342 2308 non‘tpoffit
1365 2231 1630 2290 efficere?
1677 2231 1980 2294 Potentem
2019 2257 2154 2294 cen-

389 2312 472 2373 ses
515 2316 616 2392 qui
666 2307 929 2368 satellite
975 2306 1130 2370 latus
1175 2309 1360 2369 ambit
1408 2317 1567 2391 :.qui
1626 2333 1768 2392 quos
1811 2332 1986 2374 terret
2031 2316 2154 2396 ipse

386 2395 523 2475 plus
553 2395 764 2450 metuit
790 2413 803 2446 :
849 2392 948 2468 qui
972 2409 1036 2448 ut
1080 2411 1286 2468 potens
1311 2391 1420 2451 effe
1449 2393 1716 2462 videatur
1739 2433 1759 2467 ‚
1805 2400 1865 2454 in
1894 2395 2152 2458 servien-

391 2481 540 2534 tium
565 2495 739 2532 manu
765 2470 933 2530 situm
978 2470 1101 2530 est?
1147 2473 1302 2531 Nam
1329 2475 1465 2552 quid
1509 2496 1616 2559 ego
1639 2477 1710 2535 de
1733 2497 1929 2556 regum
1978 2478 2156 2539 fami-

386 2556 629 2616 liaribus
648 2553 914 2615 differam
939 2587 977 2622 ‚-
1002 2574 1132 2612 eum
1159 2557 1326 2633 regna
1377 2554 1492 2634 ipsa
1519 2559 1692 2614 taut'ae
1719 2559 2146 2620 imbecillitatis

389 2639 562 2716 plena
588 2631 1020 2696 demonstrem?
1066 2653 1209 2712 quos
1232 2636 1463 2714 quidem
1511 2642 1661 2716 regia
1707 2639 1963 2716 potestas
2007 2639 2144 2715 saepe

390 2719 703 2776 incolumis
728 2753 749 2788 ‚
792 2721 929 2793 saepe
980 2731 1172 2772 autem
1204 2715 1365 2794 lapsa
1389 2715 1694 2793 prosternit
1721 2721 1742 2777 ?
1791 2719 1953 2780 Nero
1969 2721 2146 2778 Sene-

385 2819 513 2858 cam
554 2796 903 2857 familiarem
930 2831 951 2865 ,
994 2816 1511 2875 praeceptoremque
1553 2799 1712 2856 suum
1757 2802 1832 2858 ad
1869 2799 2143 2884 eligenda

385 2882 594 2938 mortis
618 2883 808 2959 coegit
850 2877 1155 2936 arbitrium
1181 2916 1198 2932 .
1246 2875 1628 2953 Papinianum
1653 2881 1750 2936 diu
1798 2879 2146 2940 inter-aoli-

382 2979 483 3018 cos
501 2976 828 3036 potentem,
848 2959 1109 3019 militum
1132 2957 1346 3040 gladiis
1369 2957 1704 3019 Antoninus
1727 2957 1940 3037 objecit
1964 3000 1979 3015 .
2026 2958 2148 3019 At·-

1961 3044 2061 3120 qui
