2475 3723
585 189 659 248 68
776 177 1267 244 BoBTHII
1310 175 1471 238 'DE
1530 177 1993 244 coN's-o-Lz

495 295 720 372 tereant
748 343 769 382 ,
812 307 1080 366 elaborat
1107 349 1122 363 .
1165 307 1330 400 Qid
1354 307 1542 364 dicam
1574 341 1596 376 ‚
1640 305 1793 385 quod
1816 318 2071 392 emate,
2110 319 2283 381 velut

495 397 554 452 in
586 409 764 448 terras
786 407 884 446 ore
905 385 1166 447 demerso
1187 424 1209 458 ‚
1254 387 1494 444 trahunt
1516 388 1799 444 alimenta
1822 395 2122 454 'radicibus
2144 435 2163 468 ,
2205 419 2281 458 ac

493 481 595 554 'per
615 469 904 528 medullas
947 468 1163 537 robur,
1205 470 1594 542 corticemque
1636 467 2026 531 diffundunt?
2066 481 2279 560 Quid,

489 551 647 631 quod
667 548 1066 606 molliffimum
1093 546 1361 626 quodque
1391 579 1413 614 ‚
1454 545 1617 602 ficuti
1642 547 1902 605 medulla
1950 553 2031 610 est
2056 591 2078 626 ‚
2124 567 2287 616 ime..

487 637 640 692 riore
670 629 889 706 semper
913 627 1040 686 sede
1065 625 1402 685 reconditur
1426 660 1449 696 ‚
1490 639 1655 688 ext‘ra
1682 643 1819 685 vero
1842 632 2095 710 quadam
2122 639 2285 718 ligni

377 739 384 748 ·
484 711 768 772 firmitate
787 713 1004 788 tegitur
1030 729 1050 778 ς
1093 706 1340 765 ultimus
1363 721 1559 765 autem
1584 723 1781 766 cortex
1800 707 2109 770 adversum
2146 721 2286 776 caeli

482 793 893 870 intemperiem
917 827 939 862 ‚
955 787 1110 869 quafi
1135 788 1278 846 mali
1302 791 1536 866 patiens
1558 786 1823 848 defensor
1847 824 1868 860 ‚
1892 797 2218 869 opponitur
2240 800 2285 854 ἓ·

485 871 615 952 Jam
643 892 781 932 vero
803 890 1018 952 quanta
1065 867 1143 929 est
1188 886 1403 950 naturae
1444 867 1757 950 diligentia
1782 887 1913 942 ‚ut
1954 872 2284 935 cunSia‘se-

487 959 656 1014 mine
687 953 1094 1032 multiplicato
1117 943 1540 1029 propagentur!
1593 969 1715 1030 quae
1734 948 1936 1010 omnia
1960 973 2074 1011 non
2096 956 2281 1016 modo

487 1037 569 1096 ad
591 1053 822 1113 tempus
845 1032 1120 1091 manendi
1145 1059 1188 1102 ‚·
1209 1050 1412 1089 verum
1435 1036 1759 1110 generatim
1799 1053 2031 1115 quoque
2050 1071 2074 1106 ,
2116 1037 2280 1116 quast

490 1119 555 1176 in
587 1133 929 1194 perpetuum
975 1112 1398 1192 permanendi,
1442 1111 1631 1170 veluti
1656 1113 1931 1192 quasdam
1977 1115 2282 1176 machinas

491 1195 609 1257 esse
632 1200 762 1276 quis
786 1194 1004 1254 nesciat
1027 1195 1051 1252 ?
1094 1191 1180 1251 Ea
1203 1196 1386 1252 etiam
1410 1213 1531 1272 quae
1552 1197 1879 1256 inanimata
1905 1196 2017 1255 effe
2032 1199 2281 1256 credun-

489 1295 592 1340 tur
613 1312 634 1351 ,
678 1297 873 1335 nonne
895 1275 1050 1355 quod
1072 1273 1233 1332 suum
1281 1272 1360 1331 est
1402 1293 1641 1354 quaeque
1684 1276 1860 1336 simili
1884 1283 2112 1336 ratione
2133 1278 2279 1337 defi-

477 1359 702 1418 'derant
725 1357 751 1414 ?
791 1355 916 1414 Cur
935 1360 1094 1415 enim
1116 1357 1376 1413 flammas
1400 1357 1633 1433 quidem
1661 1355 1879 1420 sursum
1909 1357 2125 1418 levitas
2170 1377 2273 1418 ve·-

485 1439 583 1498 hit
607 1473 630 1508 ‚
671 1455 854 1496 terras
879 1457 1017 1495 vero
1037 1433 1299 1494 deorsum
1345 1436 1572 1512 pondus
1614 1439 1893 1514 deprimit
1916 1475 1939 1509 ‚
1983 1439 2088 1496 nifi
2112 1440 2268 1518 quod

483 1517 608 1580 haec
629 1517 865 1598 fingulis
888 1519 1014 1577 loca
1041 1553 1062 1589 ‚
1085 1514 1485 1593 motionesque
1506 1523 1867 1576 conveniunt
1889 1520 1915 1575 ?
1960 1517 2137 1577 Porro
2158 1541 2270 1577 au-

480 1608 612 1660 'tem
655 1600 809 1679 quod
834 1602 1042 1678 cuique
1061 1595 1505 1656 consentaneum
1530 1593 1611 1652 est·
1632 1632 1655 1667 ‚
1700 1599 1760 1655 id
1805 1601 2271 1677 unumquodque

483 1679 797 1741 conservat
847 1681 1047 1740 :sicuti
1088 1698 1152 1737 ea
1187 1691 1317 1756 'quae
1340 1673 1471 1734 sunt
1518 1679 1756 1736 inimica
1782 1714 1803 1750 ,
1838 1698 2221 1760 corrumpunt
2246 1723 2267 1737 .

479 1759 618 1844 Jam
643 1783 780 1822 vero
802 1783 924 1842 quae
947 1763 1085 1821 dura
1109 1758 1239 1818 sunt
1263 1793 1285 1830 ,
1307 1776 1370 1816 ut
1394 1756 1645 1835 lapides,
1666 1758 1953 1820 adhaerent
1974 1759 2271 1819 tenaciffi-

484 1863 587 1906 me
609 1843 870 1928 partibus
895 1843 1010 1905 suis
1026 1882 1047 1918 ,
1089 1843 1144 1901 ἃ
1167 1861 1263 1919 ιιι·Δ
1283 1837 1461 1898 facile
1483 1836 1874 1901 dissolvantur
1894 1880 1918 1915 ,
1960 1840 2217 1901 resistunt
2242 1886 2257 1900 .

485 1931 635 2017 Qae
660 1948 796 1986 vero
817 1928 1135 2007 liquentia,
1158 1941 1221 1981 ut
1245 1930 1345 1982 aer
1368 1957 1389 1993 ‚
1412 1938 1589 2002 atque
1610 1943 1755 2002 aqua
1782 1959 1804 1996 ,
1831 1922 2004 1983 facile
2026 1926 2257 2003 quidem

477 2007 890 2066 dividentibus
933 2010 1145 2065 cedunt
1167 2040 1188 2073 ‚
1232 2002 1329 2059 sed
1372 2005 1493 2060 cito
1539 2007 1599 2058 in
1642 2024 1706 2061 ea
1755 2004 1944 2063 rursus
1985 2026 2015 2063 a
2044 2006 2251 2085 quibus

473 2086 614 2147 sunt
635 2082 872 2142 abscissa
895 2120 916 2153 ,
959 2084 1295 2141 relabuntur
1317 2124 1331 2137 .
1380 2080 1540 2161 Ignis
1586 2102 1723 2140 vero
1758 2105 1991 2144 omnem
2040 2084 2252 2164 refugit

473 2164 789 2225 {astionem
815 2203 830 2217 .
875 2161 1085 2241 Neque
1106 2182 1263 2219 nunc
1284 2163 1479 2220 nos²de
1504 2160 1854 2221 voluntariis
1899 2170 2105 2224 animae
2148 2189 2249 2225 co·b

477 2241 809 2325 gnoscentis
831 2244 1088 2301 motibus
1111 2278 1134 2313 ‚
1175 2239 1273 2300 sed
1296 2244 1368 2301 de
1387 2242 1643 2300 naturali
1666 2244 1998 2305 intent—ione
2032 2246 2245 2305 traaa-

474 2344 607 2385 mus
629 2364 644 2379 .
690 2324 878 2381 Sicuti
898 2320 979 2381 est
1002 2360 1024 2397 ,
1068 2324 1221 2405 quod
1246 2339 1510 2399 acceptas
1533 2320 1686 2382 escas
1726 2324 1839 2383 fine
1883 2330 2249 2407 cogitatione

473 2402 843 2483 transigimus
866 2439 891 2476 ‚
927 2408 1083 2484 quod
1110 2410 1168 2462 in
1194 2405 1396 2464 somno
1414 2400 1679 2483 spiritum
1704 2405 1965 2465 ducimus
1989 2406 2255 2467 nescien-

472 2506 564 2549 tes
587 2528 603 2544 .
646 2483 803 2546 Nam
827 2506 900 2543 ne
921 2488 980 2543 in
1005 2485 1363 2546 animalibus
1386 2484 1619 2565 quidem
1662 2488 1931 2546 manendi
1958 2508 2124 2547 amor
2164 2510 2239 2549 ex

471 2574 686 2629 animae
709 2568 1111 2627 voluntatibus
1137 2603 1158 2640 ‚
1200 2588 1400 2627 verum
1451 2587 1521 2626 ex
1568 2585 1784 2627 naturae
1818 2572 2123 2648 principiis
2146 2592 2251 2630 ve·

477 2655 573 2711 nit
596 2692 610 2707 .
657 2647 816 2709 Nam
839 2646 978 2727 saepe
997 2664 1245 2707 mortem
1269 2649 1609 2726 cogentibus
1652 2649 1849 2709 cauffis
1872 2686 1893 2722 ,
1937 2671 2108 2731 quam
2132 2670 2243 2708 na-

471 2744 608 2791 ’tura
631 2730 967 2791 reformidat
997 2766 1018 2803 ,
1057 2730 1333 2787 voluntas
1354 2729 1766 2806 ampleE’citur:
1811 2749 2121 2811 contraque
2162 2730 2249 2788 il-

475 2811 580 2873 lud
603 2832 718 2891 quo
759 2812 882 2875 solo
907 2810 1261 2872 'mortalium
1304 2828 1491 2867 rerum
1514 2811 1684 2870 durat
1708 2813 2059 2873 diuturnitas
2091 2846 2113 2883 ‚
2150 2816 2249 2891 gi-

467 2892 693 2974 gnendi
717 2914 860 2973 opus
882 2933 904 2968 ‚
947 2892 1097 2977 quod
1138 2906 1344 2949 natura
1370 2888 1593 2971 semper
1634 2898 1861 2971 appetit
1886 2929 1907 2966 ‚
1948 2893 2241 2954 interdum

473 2982 701 3035 coercet
726 2977 1002 3037 voluntas
1024 3016 1040 3031 .
1084 2970 1255 3031 Adeo
1279 2969 1394 3027 haec
1414 2967 1501 3027 sui
1522 2974 1732 3030 caritas
1754 2990 1871 3031 non
1896 2988 1969 3033 ex
1986 2975 2242 3034 animali

465 3057 781 3127 motione,
829 3059 925 3118 sed
947 3078 1018 3118 ox
1041 3048 1299 3117 naturali
1323 3034 1670 3115 *intentione
1702 3057 2000 3131 prot-edit·-
2042 3050 2255 3123 Dedin

549 3148 562 3165 ⁸
955 3148 966 3158 '
1011 3146 1034 3179 ⁸
1065 3174 1080 3191 -.
1996 3138 2161 3198 enim
