2475 3723
535 187 578 246 s
735 130 1430 243 conruunt:
1492 165 1953 251 consuta·

465 308 793 369 innocentis
816 345 830 360 .
876 303 1082 364 Meam
1104 303 1331 366 scilicet
1362 303 1831 364 criminationem
1857 311 2125 371 vererer?
2166 317 2236 372 δέ

451 386 618 468 ἐμιαῆ
661 389 803 443 novi
843 383 1072 464 aliquid
1137 386 1415 446 acciderit
1468 421 1490 456 ‚
1553 383 1626 444 fic
1650 435 1663 440 -
1681 387 2157 463 perhorrescerem
2201 395 2233 454 ἓ

445 469 638 532 ·Nunc
657 469 816 525 enim
838 470 1090 544 primum
1113 465 1309 526 censes
1348 466 1501 542 apud
1523 466 2029 544 improbosmores
2052 473 2235 534 laces.

451 550 621 610 fitam
665 547 939 626 periculis
983 549 1094 606 effe
1129 547 1473 624 sapientiam
1496 545 1523 604 ἓ
1566 543 1783 606 No‘nne
1823 551 1979 627 ’ap-ud
2008 571 2233 614 veteres

439 633 686 709 ’quoque
708 664 730 699 ‚
771 645 910 688 ante
931 627 1106 686 nost-ri
1151 627 1421 687 Platonis
1456 643 1689 686 etatem
1712 665 1732 699 ,
1774 634 2239 714 magnumsaepe

444 727 749 770 vcertamen
791 728 920 768 cum
951 708 1221 769 'stultitiae
1276 714 1631 768 ‘temeritate
1682 705 2031 770 certavimus
2054 713 2093 782 ἓ,
2119 737 2233 774 eo·-

441 792 700 870 ‘demque
741 786 1039 868 superstite
1062 827 1085 863 ‚
1127 807 1437 868 praceptor
1471 791 1593 868 ejus
1617 791 1874 850 Socrates
1896 791 2113 868 injusta
2138 798 2241 854 vi-

451 872 698 932 &oriam
719 876 926 930 mortis
947 893 1041 931 me
1075 870 1339 930 adstante
1380 870 1749 949 promeruit«.>
1770 869 1975 952 ·Gujus
2009 873 2251 938 heredi-

447 955 635 1013 tatem
655 973 788 1012 cum
832 953 1104 1032 deinceps
1128 951 1477 1030 Epicureum
1501 952 1714 1031 vulgus
1736 987 1759 1021 ‚
1799 974 1867 1011 ac
1910 953 2163 1014 Stoicum
2202 989 2229 1027 ‚

451 1039 748 1113 ceterique
789 1053 894 1111 pro
915 1031 1014 1092 sua
1059 1031 1302 1112 quisque
1340 1049 1509 1111 parte
1550 1050 1782 1110 raptum
1826 1038 1911 1091 ire
1951 1034 2233 1094 moliren-

447 1132 548 1174 tur
569 1151 591 1189 ‚
631 1135 764 1194 meq
809 1135 840 1174 e
881 1115 1292 1176 reclamantem
1317 1149 1339 1185 ,
1401 1117 1865 1193 renitentemque
1888 1149 1910 1184 ‚
1952 1115 2115 1174 velut
2158 1120 2223 1174 in

448 1215 678 1276 partem
691 1217 769 1277 :pr
813 1196 895 1254 dae
917 1231 938 1268 ‚
969 1195 1279 1256 ‘traherent
1302 1230 1325 1266 ‚
1368 1193 1581 1254 vestem
1628 1215 1801 1274 quarn
1844 1199 1991 1254 meis
2024 1213 2229 1255 texue-

445 1298 579 1336 ram
622 1271 892 1335 manibus
907 1307 937 1349 ·‚
977 1275 1335 1335 disciderunt
1354 1309 1381 1348 2,
1418 1275 1792 1355 abreptisque
1834 1277 1907 1334 ab
1930 1281 2227 1354 ea.panni-

450 1359 604 1418 culis
628 1392 650 1428 ‚
672 1371 862 1414 totam
885 1353 979 1413 'me
1001 1356 1103 1414 sibi
1128 1355 1338 1414 ceffisfe
1360 1357 1663 1414 credentes
1688 1393 1709 1426 ,
1730 1357 1925 1417 abiere
1940 1394 1959 1412 ι
2000 1355 2073 1424 ,In
2100 1362 2232 1438 qui—

448 1437 558 1495 bus
575 1472 596 1506 ,
617 1439 897 1514 quoniam
921 1436 1177 1512 quaedam
1201 1432 1379 1492 nostri
1396 1433 1640 1492 ’habitus
1665 1434 1905 1513 vestigia
1944 1438 2229 1496 videban-

449 1535 547 1575 tur
569 1550 592 1586 ,
631 1534 792 1575 meos
813 1513 926 1572 csse
945 1511 1270 1574 familiares
1312 1514 1707 1590 imprudentia
1750 1533 1873 1572 rata
1898 1549 1921 1585 ‚
1964 1520 2227 1577 nonnul—

444 1599 539 1656 los
561 1615 757 1654 eorum
778 1591 1030 1674 profanae
1052 1593 1452 1652 multitudinis
1475 1611 1661 1652 errore
1684 1597 1965 1670 pervertit
1988 1631 2003 1647 .
2042 1600 2225 1688 Qod

445 1677 490 1738 fi
511 1697 616 1736 nec
637 1674 1002 1755 Anaxagorae
1021 1673 1220 1755 fugam
1258 1710 1280 1745 ‚
1323 1695 1429 1733 nec
1450 1674 1705 1732 Socratis
1728 1695 2019 1734 venenum
2044 1711 2067 1744 ‚
2108 1699 2220 1739 nec

445 1759 710 1819 Zenonis
730 1771 1020 1817 tormenta
1046 1792 1067 1828 ‚
1109 1759 1387 1836 quoniam
1410 1754 1541 1814 sunt
1564 1760 1861 1834 peregrina
1886 1791 1909 1827 ‚
1950 1756 2168 1818 novisti
2192 1794 2217 1831 ‚

445 1858 510 1901 at
531 1837 779 1911 canios,
799 1857 863 1899 at
887 1840 1126 1899 Senecas
1149 1875 1172 1910 ,
1212 1854 1277 1896 at
1298 1838 1544 1897 Soranos
1567 1873 1589 1908 ‚
1614 1858 1861 1917 quorum
1880 1851 1989 1898 nec
2008 1858 2213 1917 perve-

445 1920 598 1981 tusta
622 1958 644 1993 ,
704 1943 812 1981 nec
855 1921 1162 1982 incelebris
1204 1925 1487 1979 memoria
1510 1917 1613 1977 aest
1636 1954 1659 1990 ‚
1720 1917 1863 1979 scire
1910 1919 2149 1998 potuisti
2192 1960 2208 1979 .

442 2006 612 2096 Qos
652 2003 805 2060 nihil
825 2004 1070 2059 aliud-in
1093 2002 1320 2060 cladem
1342 2002 1597 2060 detraxit
1620 2035 1641 2069 ‚
1684 1999 1788 2057 nisi
1812 2002 1968 2078 quod
2010 1999 2215 2060 nostris

440 2080 701 2141 moribus
723 2077 1023 2150 instituti}
1065 2074 1685 2155 studiis‘iinproborum
1710 2076 2085 2139 diffimillimi
2120 2085 2212 2140 vi-

440 2159 728 2221 debantur
747 2199 765 2216 .
806 2158 1014 2239 ltaque
1037 2157 1184 2215 nihil
1211 2155 1292 2214 est
1316 2156 1469 2236 quod
1490 2158 1773 2217 admirere
1795 2195 1816 2232 ‚
1840 2159 1880 2219 fi
1905 2163 1967 2219 in
1992 2161 2101 2221 hoc
2123 2165 2215 2222 vi-

437 2258 512 2299 tae
536 2239 658 2299 salo
678 2238 1172 2300 circumflantibus
1193 2242 1484 2317 agitemur
1504 2239 1779 2316 procellis
1802 2277 1823 2314 ‚
1868 2242 2077 2321 quibus
2096 2242 2207 2303 hoc

423 2326 700 2386 'maxime
719 2320 1070 2401 propositum
1113 2317 1193 2377 est
1217 2355 1239 2389 ,
1284 2318 1531 2397 peffimis
1553 2319 1861 2397 displicere
1882 2364 1897 2378 .
1942 2326 2205 2405 anrum

423 2404 676 2482 'quidem
718 2400 939 2461 tametfi
985 2400 1063 2460 est
1107 2399 1442 2460 numerosus
1484 2406 1767 2462 exercitus
1790 2440 1811 2474 ‚
1856 2402 2204 2483 spernendus

421 2502 640 2544 'tamen
663 2480 742 2541 est
771 2504 790 2553 3
815 2486 1089 2563 quoniam
1115 2481 1284 2540 nullo
1304 2483 1449 2542 duce
1470 2486 1712 2563 regitur,
1738 2482 1833 2545 sed
1856 2506 2044 2545 errore
2070 2504 2203 2545 tan-

437 2585 569 2627 tum
593 2583 807 2625 temere
829 2601 850 2635 ‚
892 2583 960 2623 ac
982 2562 1180 2642 paffim
1221 2564 1574 2642 lymphante
1616 2582 1876 2643 raptatur
1906 2607 1919 2622 .
1967 2569 2089 2661 Qui
2132 2567 2205 2625 fi-

422 2646 672 2727 ‘quando
695 2666 892 2706 contra
917 2663 1022 2703 nos
1044 2647 1227 2704 aciem
1252 2642 1471 2705 struens
1498 2645 1791 2705 valentior
1822 2648 2147 2707 incubuerit
2172 2683 2195 2719 ‚

431 2728 627 2789 nostra
653 2730 887 2807 quidem
913 2728 1028 2785 dux
1049 2730 1246 2803 copias
1268 2723 1396 2784 suas
1421 2732 1479 2783 in
1507 2747 1694 2785 arcem
1722 2729 2013 2788 contrahit
2037 2752 2055 2788 .·
2096 2728 2196 2789 illi

407 2820 567 2871 'vero
607 2813 755 2867 circa
798 2807 1152 2887 diripiendas
1195 2806 1439 2863 inutiles
1460 2804 1777 2867 sarcinulas
1798 2828 2155 2889 occupantur
2175 2850 2194 2868 .

405 2888 518 2951 'At
539 2908 644 2947 nos
666 2887 906 2969 desuper
925 2887 1226 2945 irridemus
1250 2918 1272 2953 ‚
1317 2885 1585 2945 viliffima
1630 2908 1815 2947 rerum
1841 2909 2076 2968 quaeque
2100 2908 2195 2947 ra-

423 2974 655 3049 pientes
678 3003 701 3039 ,
743 2968 922 3028 securi
969 2971 1150 3026 totius
1193 2962 1392 3023 suriofi
1436 2967 1724 3027 tumultus
1749 3003 1770 3040 ‚
1814 2991 1997 3049 eoque
2021 2967 2189 3029 vallo

421 3055 645 3111 muniti
685 3069 803 3129 quo
829 3049 1105 3132 graffanti
1145 3043 1407 3107 stultitiae
1446 3048 1737 3127 adspirare
1756 3047 1847 3111 fas
1868 3070 1987 3109 non
2010 3049 2079 3109 sit
2100 3088 2119 3107 .
2150 3070 2159 3081 ·

1902 3128 2108 3190 ME-
