2475 3723
589 66 1408 178 PH-iLosoPHiAE
1469 113 1805 176 L113211.
1938 134 2007 190 33

305 246 490 305 modo
517 246 578 302 iu
602 246 718 301 tuis
739 241 946 320 opibus
969 241 1160 299 aliena
1201 239 1463 318 probitas
1504 239 1947 299 numerabitur?
1992 235 2085 310 Εξ

308 326 528 404 quibus
573 322 837 382 omnibus
882 321 1035 379 nihil
1080 322 1285 380 horum
1328 343 1449 402 quae
1494 325 1553 380 in
1598 327 1717 388 tuis
1782 335 2085 396 computas

303 405 526 473 boniS‚
567 423 729 462 tuum
756 401 867 462 effe
906 402 1118 461 bonum
1144 403 1189 460 li
1233 403 1375 460 uido
1418 400 1765 462 monstratur
1790 442 1803 456 .
1851 397 2085 476 Quibus

305 485 350 542 si
375 485 523 544 nihil
545 483 687 544 inest
711 483 1045 561 appetendae
1071 425 1531 563 puldliritudinis
1556 520 1578 553 ‚
1630 483 1770 560 quid
1794 481 1875 540 est
1928 478 2086 558 quod

309 567 408 624 vel
435 566 642 626 amiffis
666 566 865 625 doleas
889 601 912 635 ,
957 566 1052 623 vel
1075 567 1284 624 lateris
1312 570 1557 624 retentis
1580 564 1603 620 ἓ
1648 561 1887 644 Quod-si
1912 581 2084 620 natu-

304 667 369 704 ra
396 647 630 725 pulchra
657 645 788 705 sunt
812 684 832 719 ,
875 647 1016 723 quid
1043 646 1102 702 id
1127 664 1224 704 tua
1252 645 1427 705 refert
1451 648 1473 702 ?
1520 643 1679 704 Nam
1708 647 1823 704 liaec
1847 664 1947 722 per
1972 641 2025 702 se
2049 663 2081 700 a

299 731 419 786 tuis
463 748 696 806 quoque
739 726 946 802 opibus
1007 723 1352 804 sequestrata
1403 725 1749 805 placuissent
1776 767 1792 780 .
1871 723 2083 802 Neque

293 813 458 866 enim
486 810 696 864 iccirco
726 804 854 864 sunt
897 805 1146 883 pretiosa
1173 843 1196 878 ‚
1240 809 1393 884 quod
1421 813 1481 864 in
1513 825 1643 866 tuas
1689 827 1895 866 venere
1918 807 2083 863 divi-

293 892 414 946 tias
439 911 452 947 ε
496 884 590 946 sed
615 890 892 964 quoniam
918 884 1161 962 pretiosa
1191 889 1541 947 videbantur
1562 923 1585 957 ‚
1612 891 1731 947 tuis
1755 909 1819 947 ea
1846 887 2079 947 divitiis

291 987 680 1026 annumerare
703 965 959 1026 maluisti
985 1008 1000 1023 .
1049 967 1212 1058 Qid
1234 984 1431 1024 autem
1454 984 1629 1024 tanto
1653 967 1893 1026 fortunae
1938 964 2079 1022 stre-

293 1051 430 1124 pitu
453 1047 831 1105 desideratis?
894 1045 1160 1126 Fugare,
1205 1047 1375 1104 credo
1409 1082 1429 1115 ‚
1482 1048 1867 1123 indigentiam
1913 1048 2079 1119 copia

295 1131 554 1204 quaeritis
577 1167 594 1184 .
632 1125 826 1205 Atqui
847 1127 957 1185 hoc
981 1124 1146 1184 vobis
1172 1130 1234 1183 in
1259 1130 1616 1184 contrarium
1642 1127 1795 1184 cedit
1820 1168 1833 1182 .
1880 1123 2076 1182 Pluri-

288 1206 402 1264 bus
425 1212 644 1286 quippe
663 1208 1042 1266 adminiculis
1065 1227 1210 1284 opus
1256 1205 1337 1265 est
1385 1208 1459 1276 ad
1506 1208 1781 1266 tuendam
1820 1202 2082 1286 pretiosae

287 1285 676 1366 supelleffllis
725 1294 1064 1348 varietatem
1092 1312 1104 1347 :
1151 1309 1467 1370 verumque
1532 1289 1683 1348 illud
1746 1287 1825 1348 est
1879 1325 1900 1360 ‚
1947 1306 2076 1364 per-

287 1372 500 1429 multis
525 1371 784 1450 indigere
808 1391 905 1430 eos
949 1375 1048 1449 qui
1097 1372 1389 1448 permulta
1442 1371 1758 1450 poffideant
1786 1395 1797 1429 :
1841 1387 2077 1430 contra-

285 1473 402 1532 que
423 1455 673 1510 minimo
696 1489 717 1522 ‚
762 1456 862 1532 qui
885 1452 1305 1510 abundantiam
1336 1453 1493 1512 suani
1522 1472 1735 1511 naturae
1778 1449 2073 1514 neceffita·

277 1550 367 1605 te,
393 1555 510 1592 non
531 1533 786 1592 ambitus
811 1532 1205 1613 superfluitate
1227 1539 1547 1595 metiantur
1567 1575 1581 1590 .
1628 1532 1715 1593 Ita
1747 1556 1820 1593 ne
1870 1548 2069 1592 autem

277 1614 518 1671 nullum
559 1613 638 1672 est
663 1621 958 1692 propi-ium
1003 1610 1653 1694 vobis⁴atqueinliium
1697 1615 1911 1673 bonum
1938 1649 1959 1685 ‚
2000 1629 2071 1670 ut

283 1697 352 1750 in
397 1698 699 1762 externis,
739 1715 808 1752 ac
851 1693 1109 1768 sepositis
1153 1695 1319 1752 rebus
1358 1696 1509 1754 bona
1548 1693 1729 1753 vestra
1755 1697 2019 1772 quaeratis
2043 1689 2075 1750 ἓ

291 1773 390 1830 sic
411 1791 600 1828 rerum
624 1769 782 1828 versa
807 1772 1070 1829 conditio
1093 1771 1170 1828 est
1193 1806 1215 1840 ,
1260 1771 1323 1830 ut
1345 1775 1611 1832 divinum
1636 1777 1862 1830 merito-
1884 1777 2077 1832 ratio-

289 1855 384 1910 nis
406 1849 631 1909 animal
659 1886 679 1919 ‚
724 1872 838 1907 non
863 1849 1040 1909 aliter
1061 1849 1162 1908 sibi
1189 1849 1490 1928 splendere
1513 1887 1535 1921 ,
1576 1853 1683 1909 nisi
1730 1855 2069 1910 inanimata

295 1930 682 2010 supellessilis
711 1929 1048 2010 poffeffione
1071 1933 1385 1991 videatur?
1430 1931 1509 1990 Et
1532 1932 1650 2001 alia
1699 1931 1931 2007 quidem
1955 1930 2075 1989 suis

293 2029 566 2071 contenta
609 2010 780 2070 sunt:
829 2034 931 2071 vos
975 2030 1170 2072 autem
1195 2011 1333 2073 Deo
1354 2029 1551 2073 mente
1582 2010 1909 2073 consimiles
1933 2047 1953 2085 ‚
1996 2011 2073 2071 ab

295 2093 463 2152 rebus
488 2092 702 2152 infimis
745 2092 1088 2153 excellentis
1131 2114 1351 2154 naturae
1394 2111 1732 2167 ornamenta
1776 2098 2029 2173 captatis
2050 2115 2068 2152 ε

291 2194 397 2233 nec
438 2174 780 2254 intelligitis
803 2194 1083 2254 quantam
1106 2178 1400 2237 conditori
1425 2176 1613 2237 vestro
1649 2173 1885 2236 faciatis
1909 2177 2067 2253 inju-

287 2258 432 2313 riam
459 2296 472 2310 .
519 2254 634 2313 Ille
655 2276 834 2335 genus
858 2257 1176 2316 humanum
1220 2263 1469 2319 terrenis
1512 2257 1781 2317 omnibus
1805 2255 2067 2336 praestare

291 2336 485 2394 voluit
511 2358 524 2393 ε
569 2357 673 2395 vos
696 2336 1046 2415 dignitatem
1093 2337 1338 2398 vestram
1388 2339 1539 2398 infra
1586 2338 1789 2399 infima
1828 2358 2065 2419 quaeque

289 2416 600 2476 detruditis
626 2458 640 2473 .
665 2413 824 2475 Nam
850 2416 887 2475 fi
917 2440 1092 2477 omne
1115 2418 1390 2498 cujusque
1412 2421 1652 2492 bonum,
1678 2442 1747 2480 eo
1770 2422 1930 2495 cujus
1954 2414 2062 2489 est,

294 2495 517 2557 constat
540 2497 653 2555 effe
676 2497 980 2575 pretiosius
1005 2533 1027 2569 ‚
1069 2520 1200 2557 cum
1246 2502 1514 2560 viliffinia
1539 2522 1725 2562 reruni
1750 2498 1933 2559 vestra
1958 2496 2066 2559 bo·-

288 2598 366 2636 na
393 2575 505 2635 effe
527 2579 799 2655 judicatis
822 2615 843 2650 ‚
886 2578 1099 2639 eisdem
1129 2578 1503 2661 vosmetipsos
1528 2582 1709 2643 vestra
1736 2578 2067 2637 aestimatio-

284 2680 366 2717 ne
413 2656 782 2717 summittitis
808 2681 821 2716 τ
865 2659 1020 2739 quod
1064 2663 1297 2741 quidem
1342 2666 1495 2724 haud
1522 2666 1819 2723 immerito
1860 2658 2017 2719 cadit
2050 2699 2069 2717 .

285 2736 586 2795 Humanae
625 2742 838 2817 quippe
863 2760 1076 2801 naturae
1100 2744 1214 2803 haec
1236 2747 1500 2805 conditio
1522 2743 1601 2804 est
1626 2779 1649 2813 ‚
1688 2759 1753 2799 ut
1778 2759 1901 2799 tum
1928 2756 2063 2797 tan-

285 2836 417 2878 tum
459 2823 668 2878 ceteris
711 2818 874 2880 rebus
900 2858 920 2892 ‚
963 2845 1094 2882 cum
1134 2823 1192 2883 se
1233 2828 1527 2907 cognoscit
1552 2861 1573 2894 ‚
1616 2820 1868 2881 excellat
1893 2844 1906 2877 :
1964 2840 2067 2879 ea-

291 2900 422 2957 dem
445 2916 642 2959 tameu
666 2899 817 2960 infra
846 2900 1049 2963 bestias
1069 2906 1192 2965 redi
1235 2926 1369 2966 atui·
1391 2946 1412 2981 ‚
1458 2908 1493 2965 fi
1521 2906 1575 2964 se
1597 2902 1754 2963 nosse
1788 2900 2014 2961 desierit
2036 2940 2057 2961 .

291 2978 452 3043 Nam
493 2985 698 3047 ceteris
736 2984 1139 3053 animantibus
1206 2988 1643 3127 elz-ignorate,
1683 3002 1887 3122 narni-a
1934 2978 2057 3078 fst²

1035 3082 1041 3087 ·
1834 3081 1982 3122 onii-
