2475 3723
561 171 1377 239 PHILOSOPHIAE
1434 176 1763 238 L13.11.
1906 200 1983 258 ²9

267 303 404 360 tam‘
457 291 746 360 luauosus
771 327 794 364 ,
834 308 1014 370 atque
1061 295 1273 354 anxius
1314 297 1681 370 conqueraris
1704 333 1719 348 .
1784 297 1935 387 Qis
1979 294 2063 360 est

275 385 446 441 enim
471 395 594 435 tam
615 372 936 452 compofitae
959 370 1268 435 felicitatis
1290 409 1313 442 ι,
1356 390 1419 432 ut
1442 395 1557 432 non
1582 375 1785 452 aliqua
1810 395 1879 436 ex
1897 395 2061 452 parte

271 481 411 521 cum
462 457 632 516 status
685 453 770 514 sui
797 454 1085 532 qualitate
1132 455 1401 514 rixetur?
1436 453 1651 514 -Anxia
1676 458 1835 516 enim
1856 475 1947 514 res
1977 455 2061 520 est

278 541 662 600 humanorum
708 537 972 596 conditio
1016 536 1299 594 bonorum
1326 571 1347 606 ‚
1392 537 1445 593 &
1471 557 1591 614 quae
1614 537 1707 594 vel
1734 557 2059 616 numquam

275 639 400 680 tota
457 621 765 698 proveniat
837 651 859 685 ‚
903 616 1000 676 vel
1045 633 1367 696 numquam
1388 675 1395 682 ,
1413 633 1693 694 perpetuo
1758 616 2013 678 subsistat
2038 646 2058 680 0·

277 700 436 760 Huic
461 697 662 760 census
689 696 964 756 exuberat
989 731 1012 768 ‚
1055 696 1150 758 sed
1177 697 1255 759 est
1280 697 1487 775 pudori
1508 699 1755 778 degener
1776 697 2009 778 sanguis
2037 741 2055 760 .

273 779 454 842 Hunc
475 780 770 840 nobilitas
793 794 998 835 notum
1023 775 1167 836 facit
1194 815 1214 848 ‚
1260 779 1357 838 sed
1397 777 1654 858 angustia
1679 782 1761 838 rei
1798 777 2058 840 familia-

267 868 351 923 ris
379 859 638 922 inclusus
664 893 686 925 ‚
710 855 824 916 effe
843 835 1064 915 malle-‘i‘
1077 862 1311 936 ignotus
1336 899 1350 914 .
1401 857 1517 918 Ille
1538 877 1786 938 utroque
1806 866 2057 922 circum-

272 945 423 1004 fluns
445 945 634 1002 vitam
667 937 924 996 caelibem
949 938 1120 997 deflet
1146 980 1161 995 .
1203 937 1320 996 Ille
1343 942 1565 1018 nuptiis
1588 937 1765 1011 felix,
1786 942 1955 1002 orbus
1980 945 2055 1000 li·-

273 1023 429 1083 beris
456 1059 481 1094 ,
519 1021 717 1078 alieno
741 1017 972 1078 censum
1012 1023 1200 1076 nutrit
1224 1019 1425 1080 heredi
1448 1059 1483 1086 .,
1510 1019 1691 1076 Alius
1712 1025 1875 1096 prole
1896 1025 2057 1082 laeta-

271 1123 367 1163 tus
390 1140 413 1175 ‚
457 1101 575 1160 filii
598 1136 622 1170 ,
662 1098 874 1157 filiaeve
897 1097 1130 1156 deliffis
1153 1095 1385 1156 moestus
1430 1097 1750 1155 illacrimat
1774 1137 1787 1152 .
1832 1097 2050 1162 Iccirco

275 1205 452 1242 nemo
496 1179 675 1240 facile
718 1197 852 1239 cum
899 1177 1146 1237 fortunar
1171 1176 1299 1236 ‚suae
1342 1177 1684 1238 conditione
1704 1181 2013 1239 concordat
2038 1223 2055 1240 .

269 1263 428 1324 Inest
475 1267 632 1322 enim
659 1259 900 1340 singulis
924 1295 945 1331 ‚
987 1260 1142 1338 quod
1171 1263 1505 1338 inexpertus
1538 1264 1767 1338 ignoret
1786 1295 1809 1332 ,
1854 1267 2061 1341 ex‘per-

265 1364 366 1405 tus
392 1345 698 1404 exhorreat
733 1381 748 1398 .
797 1339 970 1401 Adde
995 1341 1147 1420 quod
1198 1339 1515 1402 feliciffimi
1538 1339 1811 1420 cujusque
1832 1343 2057 1403 delica-

265 1427 518 1486 tiffimus
564 1422 759 1484 sensus
805 1421 884 1482 est
909 1459 929 1494 ,
973 1424 1030 1480 &
1053 1459 1076 1494 ,
1117 1422 1222 1482 nisi
1266 1423 1339 1482 ad
1382 1441 1591 1482 nutum
1617 1423 1821 1484 cundia
1846 1423 2055 1502 suppe—

267 1526 402 1568 tant
426 1544 449 1581 ,
491 1504 1077 1577 omnisadverfitatis
1094 1503 1355 1566 insolens
1376 1541 1399 1578 ,
1443 1508 1707 1566 minimis
1731 1505 2056 1587 quibusque

257 1589 645 1668 prosternitur
667 1610 698 1646 ε.
719 1588 872 1648 adeo
917 1592 1231 1669 perexigua.
1248 1585 1383 1648 sunt
1407 1608 1530 1666 quae
1573 1585 2057 1650 fortunatiffimin

261 1672 656 1729 beatitudinis
692 1668 976 1728 summam
1017 1669 1334 1730 detrahunt
1356 1710 1373 1725 .
1418 1672 1615 1746 Qum
1658 1671 1881 1730 multos
1934 1670 2053 1732 effe

259 1748 562 1826 conjeEias
581 1751 688 1823 qui
709 1746 823 1803 sese
843 1747 982 1804 caelo
1003 1751 1301 1820 proximos
1342 1749 1701 1808 arbitrentur
1716 1787 1739 1822 ‚
1766 1751 1807 1808 fi
1830 1751 2054 1814 defer-e

261 1847 422 1889 tuna
443 1843 558 1885 tuae
583 1825 851 1901 reliquiis
874 1841 1006 1899 pars
1027 1828 1110 1881 eis
1133 1829 1381 1883 minima
1402 1831 1707 1907 contingat
1730 1828 1909 1893 2810
1930 1833 2055 1911 ipse

264 1911 435 1969 locus
473 1942 497 1976 ,
535 1923 712 1981 quem
754 1922 820 1959 tu
863 1900 1130 1959 exsilium
1178 1922 1353 1961 vocas
1378 1937 1399 1970 ‚
1442 1906 1837 1968 incolentibus
1859 1916 2059 1984 patria·

265 1988 348 2048 est
375 2029 392 2042 .
440 1984 614 2044 Adeo
637 1982 790 2041 nihil
815 1980 894 2041 est
917 1978 1187 2041 miserum
1215 2018 1239 2055 ‚
1284 1980 1389 2041 nifi
1414 2002 1543 2041 cum
1568 2002 1770 2063 putes:
1796 1992 2054 2050 ‘contn-

271 2089 386 2147 que
431 2068 598 2125 beata
646 2063 765 2124 sors
805 2066 1000 2123 omnis
1041 2062 1120 2123 est
1183 2065 1625 2143 aequaniuutate
1668 2065 1979 2132 tolerantis
2030 2114 2047 2129 .

271 2152 428 2243 Qis
449 2146 528 2206 est
553 2146 660 2204 ille
701 2165 826 2205 tam
873 2143 1025 2204 felix
1049 2150 1172 2231 qui
1212 2168 1345 2208 cum
1391 2146 1620 2208 dederit
1662 2150 2049 2226 impatientia

267 2250 476 2289 manus
502 2262 522 2300 ‚
547 2226 756 2287 statum
783 2225 946 2286 suum
969 2245 1196 2289 mutare
1219 2248 1336 2287 non
1360 2245 1527 2305 optet
1550 2230 1573 2287 ?
1618 2231 1821 2369 (gram
1840 2235 2051 2295 multis

269 2309 764 2370 amaritudinibus
811 2308 1072 2366 humanae
1137 2306 1447 2367 felicitatis
1490 2310 1661 2369 dulce
1704 2335 1739 2369 o
1800 2314 2047 2393 respersa

269 2391 352 2452 est
375 2389 388 2450 !
439 2412 560 2471 quae
582 2391 622 2449 fi
667 2394 846 2447 etiam
890 2387 1111 2447 fruenti
1151 2388 1403 2468 jucunda
1445 2387 1559 2449 effe
1602 2393 1871 2453 videatur
1890 2431 1913 2467 ,
1956 2415 2048 2455 ta-

271 2494 406 2532 men
454 2510 474 2541 ,
519 2494 636 2549 quo
679 2474 872 2529 minus
915 2478 1046 2529 cuin
1090 2471 1287 2541 uelit,
1316 2469 1497 2531 'abeat
1542 2480 1581 2544 5·
1626 2478 1868 2535 retineri
1924 2498 2043 2535 non

270 2552 439 2634 poffit
464 2593 478 2608 .
525 2552 744 2630 Liquet
772 2554 950 2630 igitur
973 2571 1144 2631 quam
1170 2549 1236 2608 fit
1260 2552 1597 2611 mortalium
1641 2576 1835 2615 rerum
1871 2557 2045 2616 mise·

271 2657 333 2695 ra
361 2634 662 2693 beatitudo
686 2666 709 2703 ,
752 2651 872 2709 quae
895 2653 999 2690 nec
1041 2633 1192 2709 apud
1213 2636 1565 2712 aequanimos
1590 2654 1879 2716 perpetua·
1916 2657 2044 2715 per-

269 2718 440 2775 durat
465 2750 488 2785 ,
531 2733 636 2772 nee
658 2717 866 2771 anxios
886 2729 1012 2773 tota
1036 2712 1287 2773 deleciat
1310 2754 1325 2771 .
1364 2717 1533 2798 Qid
1576 2722 1757 2798 igitur
1779 2754 1802 2790 ,
1826 2692 2042 2779 oJmor-

265 2798 446 2867 tales,
469 2812 628 2855 extra
655 2797 857 2871 petitis
877 2797 1033 2853 intra
1057 2814 1162 2855 vos
1185 2795 1429 2874 politam
1450 2795 1799 2858 felicitatem
1822 2799 2043 2860 ?Error

265 2898 374 2938 vos
398 2912 420 2949 ‚
485 2873 831 2953 inscitiaque
871 2875 1234 2950 confundit..
1280 2876 1599 2939 Ostendam
1625 2880 1879 2943 breviter
1922 2882 2037 2940 tibi

267 2958 499 3017 summae
519 2955 813 3017 cardinem
835 2953 1146 3017 felicitatis
1171 2998 1186 3013 .
1225 2956 1331 3017 Est
1352 2981 1427 3018 ne
1447 2959 1674 3040 aliquid
1696 2963 1813 3039 tibi,
1830 2983 1891 3023 te
1913 2960 2036 3041 ipso

271 3038 618 3117 pretiosius?
662 3036 836 3097 Nihil
864 3072 886 3109 ‚
927 3040 1158 3119 inquies
1181 3080 1196 3099 .
1244 3037 1431 3119 Igitur
1454 3039 1493 3099 fi
1514 3045 1603 3101 tui
1626 3064 1861 3122 compos
1907 3042 2035 3103 fue·

367 3160 374 3165 ·
393 3147 398 3154 '
1846 3146 1923 3185 ns
1938 3160 1961 3197 9
