<?xml version="1.0" encoding="UTF-8"?>
<!DOCTYPE html PUBLIC "-//W3C//DTD XHTML 1.0 Transitional//EN"
    "http://www.w3.org/TR/xhtml1/DTD/xhtml1-transitional.dtd">
<html xmlns="http://www.w3.org/1999/xhtml" xml:lang="en" lang="en">
 <head>
  <title>
</title>
<meta http-equiv="Content-Type" content="text/html;charset=utf-8" />
  <meta name='ocr-system' content='tesseract 3.04.00' />
  <meta name='ocr-capabilities' content='ocr_page ocr_carea ocr_par ocr_line ocrx_word'/>
</head>
<body>
  <div class='ocr_page' id='page_1' title='image "aniciimanliitor03boetgoog_0177.png"; bbox 0 0 2475 3723; ppageno 0'>
   <div class='ocr_carea' id='block_1_1' title="bbox 526 160 1950 254">
    <p class='ocr_par' dir='ltr' id='par_1_1' title="bbox 526 160 1950 254">
     <span class='ocr_line' id='line_1_1' title="bbox 526 160 1950 254; baseline -0.001 -16"><span class='ocrx_word' id='word_1_1' title='bbox 526 160 1350 239; x_wconf 57' lang='lat' dir='ltr'>vrxlnosormffi</span> <span class='ocrx_word' id='word_1_2' title='bbox 1413 160 1605 237; x_wconf 65' lang='lat' dir='ltr'>Lm.</span> <span class='ocrx_word' id='word_1_3' title='bbox 1652 162 1790 237; x_wconf 54' lang='lat' dir='ltr'>v„</span> <span class='ocrx_word' id='word_1_4' title='bbox 1839 179 1950 254; x_wconf 48' lang='grc' dir='ltr'>ἰὸς,</span> 
     </span>
    </p>
   </div>
   <div class='ocr_carea' id='block_1_2' title="bbox 162 296 2034 3176">
    <p class='ocr_par' dir='ltr' id='par_1_2' title="bbox 162 296 2034 3176">
     <span class='ocr_line' id='line_1_2' title="bbox 238 296 2034 389; baseline -0.006 -25"><span class='ocrx_word' id='word_1_5' title='bbox 238 298 340 363; x_wconf 76' lang='lat' dir='ltr'>uti</span> <span class='ocrx_word' id='word_1_6' title='bbox 371 312 501 362; x_wconf 70' lang='lat' dir='ltr'>eam</span> <span class='ocrx_word' id='word_1_7' title='bbox 530 296 645 357; x_wconf 76' lang='lat' dir='ltr'>sese</span> <span class='ocrx_word' id='word_1_8' title='bbox 667 296 875 356; x_wconf 87' lang='lat' dir='ltr'>habere</span> <span class='ocrx_word' id='word_1_9' title='bbox 903 297 1143 357; x_wconf 81' lang='lat' dir='ltr'>scientia</span> <span class='ocrx_word' id='word_1_10' title='bbox 1188 296 1626 377; x_wconf 72' lang='lat' dir='ltr'>comprehendit</span> <span class='ocrx_word' id='word_1_11' title='bbox 1652 337 1668 351; x_wconf 86' lang='lat'><strong>.</strong></span> <span class='ocrx_word' id='word_1_12' title='bbox 1713 297 1875 389; x_wconf 73' lang='lat' dir='ltr'>Qaid</span> <span class='ocrx_word' id='word_1_13' title='bbox 1917 302 2034 377; x_wconf 57' lang='lat' dir='ltr'>igi&#39;i-</span> 
     </span>
     <span class='ocr_line' id='line_1_3' title="bbox 240 376 2031 463; baseline -0.004 -21"><span class='ocrx_word' id='word_1_14' title='bbox 240 384 396 443; x_wconf 80' lang='lat' dir='ltr'>tur?</span> <span class='ocrx_word' id='word_1_15' title='bbox 438 384 712 463; x_wconf 77' lang='lat' dir='ltr'>Qunam</span> <span class='ocrx_word' id='word_1_16' title='bbox 738 379 913 437; x_wconf 76' lang='lat' dir='ltr'>modo</span> <span class='ocrx_word' id='word_1_17' title='bbox 957 376 1121 439; x_wconf 84' lang='lat' dir='ltr'>Deus</span> <span class='ocrx_word' id='word_1_18' title='bbox 1144 380 1259 438; x_wconf 75' lang='lat' dir='ltr'>haec</span> <span class='ocrx_word' id='word_1_19' title='bbox 1311 385 1528 437; x_wconf 83' lang='lat' dir='ltr'>incerta</span> <span class='ocrx_word' id='word_1_20' title='bbox 1573 376 1765 435; x_wconf 86' lang='lat' dir='ltr'>futura</span> <span class='ocrx_word' id='word_1_21' title='bbox 1811 394 2031 455; x_wconf 77' lang='lat' dir='ltr'>praeno-</span> 
     </span>
     <span class='ocr_line' id='line_1_4' title="bbox 239 456 2031 539; baseline -0.004 -16"><span class='ocrx_word' id='word_1_22' title='bbox 239 468 365 523; x_wconf 88' lang='lat' dir='ltr'>scit</span> <span class='ocrx_word' id='word_1_23' title='bbox 395 464 421 521; x_wconf 84' lang='lat'>?</span> <span class='ocrx_word' id='word_1_24' title='bbox 452 462 623 521; x_wconf 75' lang='lat' dir='ltr'>Nam</span> <span class='ocrx_word' id='word_1_25' title='bbox 647 460 687 518; x_wconf 83' lang='lat' dir='ltr'>fi</span> <span class='ocrx_word' id='word_1_26' title='bbox 717 458 1145 539; x_wconf 74' lang='lat' dir='ltr'>inevitabiliter</span> <span class='ocrx_word' id='word_1_27' title='bbox 1188 479 1467 518; x_wconf 85' lang='lat' dir='ltr'>eventura</span> <span class='ocrx_word' id='word_1_28' title='bbox 1493 456 1685 517; x_wconf 87' lang='lat' dir='ltr'>censet</span> <span class='ocrx_word' id='word_1_29' title='bbox 1709 479 1830 539; x_wconf 82' lang='lat' dir='ltr'>quae</span> <span class='ocrx_word' id='word_1_30' title='bbox 1852 463 2031 517; x_wconf 74' lang='lat' dir='ltr'>etiarn</span> 
     </span>
     <span class='ocr_line' id='line_1_5' title="bbox 248 538 2030 619; baseline -0.003 -17"><span class='ocrx_word' id='word_1_31' title='bbox 248 539 375 602; x_wconf 77' lang='lat' dir='ltr'>n&#39;on</span> <span class='ocrx_word' id='word_1_32' title='bbox 400 546 630 604; x_wconf 79' lang='lat' dir='ltr'>evenire</span> <span class='ocrx_word' id='word_1_33' title='bbox 675 539 937 619; x_wconf 83' lang='lat' dir='ltr'>poffibile</span> <span class='ocrx_word' id='word_1_34' title='bbox 982 539 1107 611; x_wconf 80' lang='lat' dir='ltr'>est3</span> <span class='ocrx_word' id='word_1_35' title='bbox 1153 540 1426 600; x_wconf 82' lang='lat' dir='ltr'>fallitur:</span> <span class='ocrx_word' id='word_1_36' title='bbox 1470 540 1624 619; x_wconf 90' lang='lat' dir='ltr'>quod</span> <span class='ocrx_word' id='word_1_37' title='bbox 1645 538 1870 597; x_wconf 75' lang='lat' dir='ltr'>&#39;sentire</span> <span class='ocrx_word' id='word_1_38' title='bbox 1910 560 2030 598; x_wconf 86' lang='lat' dir='ltr'>non</span> 
     </span>
     <span class='ocr_line' id='line_1_6' title="bbox 246 618 2028 701; baseline -0.003 -18"><span class='ocrx_word' id='word_1_39' title='bbox 246 624 427 683; x_wconf 81' lang='lat' dir='ltr'>modo</span> <span class='ocrx_word' id='word_1_40' title='bbox 469 620 635 682; x_wconf 83' lang='lat' dir='ltr'>nefas</span> <span class='ocrx_word' id='word_1_41' title='bbox 678 620 755 679; x_wconf 88' lang='lat' dir='ltr'>est</span> <span class='ocrx_word' id='word_1_42' title='bbox 780 658 803 693; x_wconf 84' lang='lat'>‚</span> <span class='ocrx_word' id='word_1_43' title='bbox 846 619 940 681; x_wconf 85' lang='lat' dir='ltr'>sed</span> <span class='ocrx_word' id='word_1_44' title='bbox 986 624 1166 679; x_wconf 85' lang='lat' dir='ltr'>etiam</span> <span class='ocrx_word' id='word_1_45' title='bbox 1193 644 1336 681; x_wconf 88' lang='lat' dir='ltr'>voce</span> <span class='ocrx_word' id='word_1_46' title='bbox 1377 618 1672 701; x_wconf 85' lang='lat' dir='ltr'>proferre.</span> <span class='ocrx_word' id='word_1_47' title='bbox 1723 620 1812 679; x_wconf 89' lang='lat' dir='ltr'>At</span> <span class='ocrx_word' id='word_1_48' title='bbox 1855 619 1904 677; x_wconf 78' lang='lat' dir='ltr'>sr‘</span> <span class='ocrx_word' id='word_1_49' title='bbox 1939 625 2028 678; x_wconf 89' lang='lat' dir='ltr'>uti</span> 
     </span>
     <span class='ocr_line' id='line_1_7' title="bbox 248 700 2027 781; baseline -0.003 -17"><span class='ocrx_word' id='word_1_50' title='bbox 248 704 385 765; x_wconf 86' lang='lat' dir='ltr'>sunt</span> <span class='ocrx_word' id='word_1_51' title='bbox 411 740 432 776; x_wconf 86' lang='lat'>‚</span> <span class='ocrx_word' id='word_1_52' title='bbox 476 708 561 761; x_wconf 84' lang='lat' dir='ltr'>ita</span> <span class='ocrx_word' id='word_1_53' title='bbox 587 722 651 760; x_wconf 82' lang='lat' dir='ltr'>ea</span> <span class='ocrx_word' id='word_1_54' title='bbox 676 700 869 759; x_wconf 82' lang='lat' dir='ltr'>futura</span> <span class='ocrx_word' id='word_1_55' title='bbox 894 700 1013 759; x_wconf 85' lang='lat' dir='ltr'>esse</span> <span class='ocrx_word' id='word_1_56' title='bbox 1036 703 1294 761; x_wconf 84' lang='lat' dir='ltr'>decernit</span> <span class='ocrx_word' id='word_1_57' title='bbox 1319 738 1342 773; x_wconf 84' lang='lat'>,</span> <span class='ocrx_word' id='word_1_58' title='bbox 1377 722 1443 761; x_wconf 81' lang='lat' dir='ltr'>ut</span> <span class='ocrx_word' id='word_1_59' title='bbox 1465 722 1622 781; x_wconf 81' lang='lat' dir='ltr'>aeque</span> <span class='ocrx_word' id='word_1_60' title='bbox 1646 702 1740 760; x_wconf 85' lang='lat' dir='ltr'>vel</span> <span class='ocrx_word' id='word_1_61' title='bbox 1765 701 1890 759; x_wconf 87' lang='lat' dir='ltr'>fieri</span> <span class='ocrx_word' id='word_1_62' title='bbox 1913 722 1978 759; x_wconf 85' lang='lat' dir='ltr'>ea</span> <span class='ocrx_word' id='word_1_63' title='bbox 2005 737 2027 773; x_wconf 84' lang='lat'>,</span> 
     </span>
     <span class='ocr_line' id='line_1_8' title="bbox 244 780 2028 860; baseline -0.002 -17"><span class='ocrx_word' id='word_1_64' title='bbox 244 786 350 847; x_wconf 65' lang='lat' dir='ltr'>vel</span> <span class='ocrx_word' id='word_1_65' title='bbox 374 806 493 843; x_wconf 83' lang='lat' dir='ltr'>non</span> <span class='ocrx_word' id='word_1_66' title='bbox 519 782 647 839; x_wconf 80' lang='lat' dir='ltr'>fieri</span> <span class='ocrx_word' id='word_1_67' title='bbox 672 780 836 856; x_wconf 81' lang='lat' dir='ltr'>posse</span> <span class='ocrx_word' id='word_1_68' title='bbox 859 780 1163 859; x_wconf 80' lang='lat' dir='ltr'>cognoscat</span> <span class='ocrx_word' id='word_1_69' title='bbox 1200 802 1219 851; x_wconf 81' lang='lat'>3</span> <span class='ocrx_word' id='word_1_70' title='bbox 1245 802 1365 860; x_wconf 84' lang='lat' dir='ltr'>quae</span> <span class='ocrx_word' id='word_1_71' title='bbox 1388 782 1464 839; x_wconf 85' lang='lat' dir='ltr'>est</span> <span class='ocrx_word' id='word_1_72' title='bbox 1487 784 1604 841; x_wconf 77' lang='lat' dir='ltr'>haec</span> <span class='ocrx_word' id='word_1_73' title='bbox 1627 781 1977 860; x_wconf 79' lang='lat' dir='ltr'>praescientia</span> <span class='ocrx_word' id='word_1_74' title='bbox 2005 819 2028 854; x_wconf 83' lang='lat'>‚</span> 
     </span>
     <span class='ocr_line' id='line_1_9' title="bbox 240 858 2027 946; baseline -0.001 -26"><span class='ocrx_word' id='word_1_75' title='bbox 240 876 378 946; x_wconf 80' lang='lat' dir='ltr'>‘quae</span> <span class='ocrx_word' id='word_1_76' title='bbox 420 860 576 921; x_wconf 84' lang='lat' dir='ltr'>nihil</span> <span class='ocrx_word' id='word_1_77' title='bbox 622 878 840 917; x_wconf 85' lang='lat' dir='ltr'>certum</span> <span class='ocrx_word' id='word_1_78' title='bbox 866 895 889 929; x_wconf 83' lang='lat'>‚</span> <span class='ocrx_word' id='word_1_79' title='bbox 930 858 1083 916; x_wconf 85' lang='lat' dir='ltr'>nihil</span> <span class='ocrx_word' id='word_1_80' title='bbox 1126 860 1332 919; x_wconf 81' lang='lat' dir='ltr'>stabiie</span> <span class='ocrx_word' id='word_1_81' title='bbox 1373 863 1855 940; x_wconf 82' lang='lat' dir='ltr'>comprehendit?</span> <span class='ocrx_word' id='word_1_82' title='bbox 1898 861 2027 920; x_wconf 85' lang='lat' dir='ltr'>Aut</span> 
     </span>
     <span class='ocr_line' id='line_1_10' title="bbox 243 937 2027 1025; baseline -0.001 -25"><span class='ocrx_word' id='word_1_83' title='bbox 243 944 392 1025; x_wconf 84' lang='lat' dir='ltr'>quid</span> <span class='ocrx_word' id='word_1_84' title='bbox 414 943 525 999; x_wconf 87' lang='lat' dir='ltr'>hoc</span> <span class='ocrx_word' id='word_1_85' title='bbox 572 937 747 999; x_wconf 85' lang='lat' dir='ltr'>refert</span> <span class='ocrx_word' id='word_1_86' title='bbox 773 942 1059 998; x_wconf 86' lang='lat' dir='ltr'>vaticinio</span> <span class='ocrx_word' id='word_1_87' title='bbox 1104 942 1213 998; x_wconf 89' lang='lat' dir='ltr'>illo</span> <span class='ocrx_word' id='word_1_88' title='bbox 1259 943 1506 1001; x_wconf 85' lang='lat' dir='ltr'>ridiculo</span> <span class='ocrx_word' id='word_1_89' title='bbox 1534 942 1804 1001; x_wconf 74' lang='lat' dir='ltr'>Titefiae?</span> <span class='ocrx_word' id='word_1_90' title='bbox 1831 942 2027 1023; x_wconf 76' lang='lat' dir='ltr'>‘Qe&#39;d-</span> 
     </span>
     <span class='ocr_line' id='line_1_11' title="bbox 244 1020 2025 1115; baseline 0.001 -36"><span class='ocrx_word' id='word_1_91' title='bbox 244 1020 389 1097; x_wconf 66' lang='lat' dir='ltr'><strong><em>q&#39;m&#39;d</em></strong></span> <span class='ocrx_word' id='word_1_92' title='bbox 431 1020 656 1089; x_wconf 72' lang='lat' dir='ltr'>dicam&#39;,</span> <span class='ocrx_word' id='word_1_93' title='bbox 696 1035 801 1078; x_wconf 81' lang='lat' dir='ltr'>aut</span> <span class='ocrx_word' id='word_1_94' title='bbox 844 1022 997 1090; x_wconf 73' lang='lat' dir='ltr'>erit,</span> <span class='ocrx_word' id='word_1_95' title='bbox 1038 1036 1141 1075; x_wconf 84' lang='lat' dir='ltr'>aut</span> <span class='ocrx_word' id='word_1_96' title='bbox 1183 1040 1326 1075; x_wconf 83' lang='lat' dir='ltr'>non.</span> <span class='ocrx_word' id='word_1_97' title='bbox 1395 1024 1558 1115; x_wconf 77' lang='lat' dir='ltr'>Qid</span> <span class='ocrx_word' id='word_1_98' title='bbox 1599 1026 1778 1081; x_wconf 84' lang='lat' dir='ltr'>etiam</span> <span class='ocrx_word' id='word_1_99' title='bbox 1821 1024 2025 1080; x_wconf 79' lang='lat' dir='ltr'>divina</span> 
     </span>
     <span class='ocr_line' id='line_1_12' title="bbox 246 1100 2032 1182; baseline -0.001 -22"><span class='ocrx_word' id='word_1_100' title='bbox 246 1104 619 1182; x_wconf 82' lang='lat' dir='ltr'>providentia</span> <span class='ocrx_word' id='word_1_101' title='bbox 648 1102 899 1160; x_wconf 84' lang='lat' dir='ltr'>humana</span> <span class='ocrx_word' id='word_1_102' title='bbox 924 1103 1205 1177; x_wconf 83' lang='lat' dir='ltr'>opinione</span> <span class='ocrx_word' id='word_1_103' title='bbox 1247 1100 1572 1177; x_wconf 65' lang='lat' dir='ltr'>praestiterit</span> <span class='ocrx_word' id='word_1_104' title='bbox 1597 1138 1618 1171; x_wconf 81' lang='lat'>‚</span> <span class='ocrx_word' id='word_1_105' title='bbox 1659 1102 1697 1159; x_wconf 88' lang='lat' dir='ltr'>fi</span> <span class='ocrx_word' id='word_1_106' title='bbox 1723 1138 1745 1172; x_wconf 83' lang='lat'>‚</span> <span class='ocrx_word' id='word_1_107' title='bbox 1787 1106 1876 1158; x_wconf 88' lang='lat' dir='ltr'>uti</span> <span class='ocrx_word' id='word_1_108' title='bbox 1921 1102 2032 1159; x_wconf 82' lang='lat' dir='ltr'>ho·-</span> 
     </span>
     <span class='ocr_line' id='line_1_13' title="bbox 245 1180 2026 1259; baseline -0.001 -18"><span class='ocrx_word' id='word_1_109' title='bbox 245 1187 437 1242; x_wconf 84' lang='lat' dir='ltr'>mines</span> <span class='ocrx_word' id='word_1_110' title='bbox 466 1218 487 1253; x_wconf 86' lang='lat'>,</span> <span class='ocrx_word' id='word_1_111' title='bbox 530 1186 749 1240; x_wconf 84' lang='lat' dir='ltr'>incerta</span> <span class='ocrx_word' id='word_1_112' title='bbox 796 1181 1019 1259; x_wconf 84' lang='lat' dir='ltr'>judicat</span> <span class='ocrx_word' id='word_1_113' title='bbox 1062 1202 1307 1259; x_wconf 86' lang='lat' dir='ltr'>quorum</span> <span class='ocrx_word' id='word_1_114' title='bbox 1355 1180 1710 1240; x_wconf 83' lang='lat' dir='ltr'>estin&#39;certus</span> <span class='ocrx_word' id='word_1_115' title='bbox 1734 1182 2026 1239; x_wconf 82' lang='lat' dir='ltr'>eventus?</span> 
     </span>
     <span class='ocr_line' id='line_1_14' title="bbox 232 1260 2024 1343; baseline -0.002 -22"><span class='ocrx_word' id='word_1_116' title='bbox 232 1263 424 1343; x_wconf 74' lang='lat' dir='ltr'>&#39;Qod</span> <span class='ocrx_word' id='word_1_117' title='bbox 448 1262 487 1319; x_wconf 82' lang='lat' dir='ltr'><strong>fi</strong></span> <span class='ocrx_word' id='word_1_118' title='bbox 508 1262 661 1341; x_wconf 79' lang='lat' dir='ltr'>apud</span> <span class='ocrx_word' id='word_1_119' title='bbox 688 1262 860 1321; x_wconf 84' lang='lat' dir='ltr'>illum</span> <span class='ocrx_word' id='word_1_120' title='bbox 885 1282 1073 1319; x_wconf 89' lang='lat' dir='ltr'>rerum</span> <span class='ocrx_word' id='word_1_121' title='bbox 1098 1266 1360 1320; x_wconf 84' lang='lat' dir='ltr'>omnium</span> <span class='ocrx_word' id='word_1_122' title='bbox 1385 1263 1755 1322; x_wconf 85' lang='lat' dir='ltr'>certiffimum</span> <span class='ocrx_word' id='word_1_123' title='bbox 1798 1260 2024 1319; x_wconf 83' lang='lat' dir='ltr'>fontem</span> 
     </span>
     <span class='ocr_line' id='line_1_15' title="bbox 248 1342 2028 1421; baseline -0.003 -15"><span class='ocrx_word' id='word_1_124' title='bbox 248 1343 406 1406; x_wconf 78' lang='lat' dir='ltr'>nihil</span> <span class='ocrx_word' id='word_1_125' title='bbox 478 1347 691 1404; x_wconf 85' lang='lat' dir='ltr'>incerti</span> <span class='ocrx_word' id='word_1_126' title='bbox 736 1342 855 1403; x_wconf 86' lang='lat' dir='ltr'>esse</span> <span class='ocrx_word' id='word_1_127' title='bbox 899 1342 1081 1421; x_wconf 87' lang='lat' dir='ltr'>potest</span> <span class='ocrx_word' id='word_1_128' title='bbox 1126 1380 1147 1415; x_wconf 87' lang='lat'>‚</span> <span class='ocrx_word' id='word_1_129' title='bbox 1190 1361 1378 1403; x_wconf 89' lang='lat' dir='ltr'>certus</span> <span class='ocrx_word' id='word_1_130' title='bbox 1423 1365 1618 1404; x_wconf 86' lang='lat' dir='ltr'>eorum</span> <span class='ocrx_word' id='word_1_131' title='bbox 1663 1342 1743 1401; x_wconf 89' lang='lat' dir='ltr'>est</span> <span class='ocrx_word' id='word_1_132' title='bbox 1785 1361 2028 1402; x_wconf 87' lang='lat' dir='ltr'>eventus</span> 
     </span>
     <span class='ocr_line' id='line_1_16' title="bbox 249 1422 2022 1509; baseline -0.001 -26"><span class='ocrx_word' id='word_1_133' title='bbox 249 1445 373 1504; x_wconf 76' lang='lat' dir='ltr'>quae</span> <span class='ocrx_word' id='word_1_134' title='bbox 394 1422 586 1483; x_wconf 83' lang='lat' dir='ltr'>futura</span> <span class='ocrx_word' id='word_1_135' title='bbox 612 1424 859 1484; x_wconf 86' lang='lat' dir='ltr'>firmiter</span> <span class='ocrx_word' id='word_1_136' title='bbox 884 1426 988 1482; x_wconf 84' lang='lat' dir='ltr'>ille</span> <span class='ocrx_word' id='word_1_137' title='bbox 1010 1424 1320 1503; x_wconf 70' lang='lat' dir='ltr'>praescie‘rit</span> <span class='ocrx_word' id='word_1_138' title='bbox 1343 1468 1357 1481; x_wconf 88' lang='lat'><strong>.</strong></span> <span class='ocrx_word' id='word_1_139' title='bbox 1403 1430 1602 1509; x_wconf 75' lang='lat' dir='ltr'>Qare</span> <span class='ocrx_word' id='word_1_140' title='bbox 1623 1425 1787 1482; x_wconf 85' lang='lat' dir='ltr'>nulla</span> <span class='ocrx_word' id='word_1_141' title='bbox 1814 1422 1892 1482; x_wconf 86' lang='lat' dir='ltr'>est</span> <span class='ocrx_word' id='word_1_142' title='bbox 1916 1423 2022 1481; x_wconf 88' lang='lat' dir='ltr'>hu-</span> 
     </span>
     <span class='ocr_line' id='line_1_17' title="bbox 246 1504 2026 1587; baseline 0.001 -24"><span class='ocrx_word' id='word_1_143' title='bbox 246 1510 440 1564; x_wconf 75' lang='lat' dir='ltr'>manis</span> <span class='ocrx_word' id='word_1_144' title='bbox 482 1506 781 1578; x_wconf 81' lang='lat' dir='ltr'>consiliis,</span> <span class='ocrx_word' id='word_1_145' title='bbox 828 1504 1266 1586; x_wconf 73' lang='lat' dir='ltr'>afflonibusque</span> <span class='ocrx_word' id='word_1_146' title='bbox 1310 1506 1589 1567; x_wconf 86' lang='lat' dir='ltr'>libertas:</span> <span class='ocrx_word' id='word_1_147' title='bbox 1634 1526 1778 1587; x_wconf 81' lang='lat' dir='ltr'>quas</span> <span class='ocrx_word' id='word_1_148' title='bbox 1819 1506 2026 1564; x_wconf 79' lang='lat' dir='ltr'>divina</span> 
     </span>
     <span class='ocr_line' id='line_1_18' title="bbox 244 1586 2024 1670; baseline 0 -25"><span class='ocrx_word' id='word_1_149' title='bbox 244 1590 411 1646; x_wconf 78' lang='lat' dir='ltr'>&#39;mens</span> <span class='ocrx_word' id='word_1_150' title='bbox 432 1586 550 1646; x_wconf 88' lang='lat' dir='ltr'>fine</span> <span class='ocrx_word' id='word_1_151' title='bbox 571 1586 847 1647; x_wconf 80' lang='lat' dir='ltr'>falsitatis</span> <span class='ocrx_word' id='word_1_152' title='bbox 870 1607 1059 1647; x_wconf 86' lang='lat' dir='ltr'>errore</span> <span class='ocrx_word' id='word_1_153' title='bbox 1080 1586 1282 1647; x_wconf 54' lang='lat' dir='ltr'>cuneta</span> <span class='ocrx_word' id='word_1_154' title='bbox 1307 1588 1662 1670; x_wconf 79' lang='lat' dir='ltr'>prospiciens</span> <span class='ocrx_word' id='word_1_155' title='bbox 1684 1625 1705 1659; x_wconf 85' lang='lat'>,</span> <span class='ocrx_word' id='word_1_156' title='bbox 1746 1587 1820 1645; x_wconf 85' lang='lat' dir='ltr'>ad</span> <span class='ocrx_word' id='word_1_157' title='bbox 1843 1608 2024 1645; x_wconf 80' lang='lat' dir='ltr'>unum</span> 
     </span>
     <span class='ocr_line' id='line_1_19' title="bbox 228 1668 2020 1757; baseline 0.002 -34"><span class='ocrx_word' id='word_1_158' title='bbox 228 1669 460 1743; x_wconf 78' lang='lat' dir='ltr'>&#39;a&#39;lligat</span> <span class='ocrx_word' id='word_1_159' title='bbox 484 1670 540 1723; x_wconf 70' lang='grc' dir='ltr'>ὃ(</span> <span class='ocrx_word' id='word_1_160' title='bbox 584 1668 929 1741; x_wconf 86' lang='lat' dir='ltr'>constringit</span> <span class='ocrx_word' id='word_1_161' title='bbox 970 1686 1251 1723; x_wconf 82' lang='lat' dir='ltr'>event-um</span> <span class='ocrx_word' id='word_1_162' title='bbox 1279 1707 1295 1721; x_wconf 86' lang='lat'><strong>.</strong></span> <span class='ocrx_word' id='word_1_163' title='bbox 1339 1674 1479 1757; x_wconf 79' lang='lat' dir='ltr'>Qu</span> <span class='ocrx_word' id='word_1_164' title='bbox 1520 1668 1696 1727; x_wconf 87' lang='lat' dir='ltr'>semel</span> <span class='ocrx_word' id='word_1_165' title='bbox 1741 1686 2020 1746; x_wconf 82' lang='lat' dir='ltr'>recepto,</span> 
     </span>
     <span class='ocr_line' id='line_1_20' title="bbox 250 1740 2026 1826; baseline 0.002 -25"><span class='ocrx_word' id='word_1_166' title='bbox 250 1752 503 1826; x_wconf 80' lang='lat' dir='ltr'>quantus</span> <span class='ocrx_word' id='word_1_167' title='bbox 548 1740 778 1800; x_wconf 86' lang='lat' dir='ltr'>occasus</span> <span class='ocrx_word' id='word_1_168' title='bbox 821 1743 1203 1799; x_wconf 83' lang='lat' dir='ltr'>humanarum</span> <span class='ocrx_word' id='word_1_169' title='bbox 1245 1762 1434 1801; x_wconf 85' lang='lat' dir='ltr'>rerum</span> <span class='ocrx_word' id='word_1_170' title='bbox 1480 1748 1858 1825; x_wconf 83' lang='lat' dir='ltr'>consequatur</span> <span class='ocrx_word' id='word_1_171' title='bbox 1883 1784 1905 1813; x_wconf 77' lang='lat'>‚</span> <span class='ocrx_word' id='word_1_172' title='bbox 1933 1749 2026 1805; x_wconf 73' lang='lat' dir='ltr'>‘li-</span> 
     </span>
     <span class='ocr_line' id='line_1_21' title="bbox 252 1820 2027 1904; baseline 0.002 -22"><span class='ocrx_word' id='word_1_173' title='bbox 252 1842 393 1904; x_wconf 88' lang='lat' dir='ltr'>quet</span> <span class='ocrx_word' id='word_1_174' title='bbox 422 1863 436 1878; x_wconf 93' lang='lat'><strong>.</strong></span> <span class='ocrx_word' id='word_1_175' title='bbox 478 1820 706 1880; x_wconf 80' lang='lat' dir='ltr'>Frustra</span> <span class='ocrx_word' id='word_1_176' title='bbox 734 1825 890 1878; x_wconf 84' lang='lat' dir='ltr'>enim</span> <span class='ocrx_word' id='word_1_177' title='bbox 920 1822 1086 1878; x_wconf 88' lang='lat' dir='ltr'>bonis</span> <span class='ocrx_word' id='word_1_178' title='bbox 1114 1856 1133 1888; x_wconf 78' lang='lat'>‚</span> <span class='ocrx_word' id='word_1_179' title='bbox 1160 1822 1444 1902; x_wconf 80' lang='lat' dir='ltr'>malisque</span> <span class='ocrx_word' id='word_1_180' title='bbox 1468 1830 1699 1900; x_wconf 81' lang='lat' dir='ltr'>praemia</span> <span class='ocrx_word' id='word_1_181' title='bbox 1725 1861 1746 1895; x_wconf 80' lang='lat'>‚</span> <span class='ocrx_word' id='word_1_182' title='bbox 1774 1847 2027 1903; x_wconf 82' lang='lat' dir='ltr'>poenaeve</span> 
     </span>
     <span class='ocr_line' id='line_1_22' title="bbox 250 1901 2024 1986; baseline 0.002 -24"><span class='ocrx_word' id='word_1_183' title='bbox 250 1919 657 1986; x_wconf 78' lang='lat' dir='ltr'>proponuntur</span> <span class='ocrx_word' id='word_1_184' title='bbox 683 1937 706 1972; x_wconf 84' lang='lat'>,</span> <span class='ocrx_word' id='word_1_185' title='bbox 749 1921 868 1979; x_wconf 81' lang='lat' dir='ltr'>quae</span> <span class='ocrx_word' id='word_1_186' title='bbox 894 1901 1091 1958; x_wconf 89' lang='lat' dir='ltr'>nullus</span> <span class='ocrx_word' id='word_1_187' title='bbox 1136 1907 1346 1960; x_wconf 87' lang='lat' dir='ltr'>meruit</span> <span class='ocrx_word' id='word_1_188' title='bbox 1371 1903 1522 1962; x_wconf 89' lang='lat' dir='ltr'>liber</span> <span class='ocrx_word' id='word_1_189' title='bbox 1562 1925 1630 1963; x_wconf 84' lang='lat' dir='ltr'>ac</span> <span class='ocrx_word' id='word_1_190' title='bbox 1658 1905 2024 1965; x_wconf 84' lang='lat' dir='ltr'>voluntarius</span> 
     </span>
     <span class='ocr_line' id='line_1_23' title="bbox 252 1981 2030 2062; baseline 0 -19"><span class='ocrx_word' id='word_1_191' title='bbox 252 1981 449 2044; x_wconf 75' lang='lat' dir='ltr'>motus</span> <span class='ocrx_word' id='word_1_192' title='bbox 492 1986 823 2041; x_wconf 84' lang='lat' dir='ltr'>animorum</span> <span class='ocrx_word' id='word_1_193' title='bbox 845 2003 869 2036; x_wconf 83' lang='lat'>.·</span> <span class='ocrx_word' id='word_1_194' title='bbox 903 1982 1100 2060; x_wconf 81' lang='lat' dir='ltr'>&#39;idque</span> <span class='ocrx_word' id='word_1_195' title='bbox 1142 1987 1404 2041; x_wconf 85' lang='lat' dir='ltr'>omnium</span> <span class='ocrx_word' id='word_1_196' title='bbox 1449 1985 1748 2044; x_wconf 77' lang='lat' dir='ltr'>videbitur</span> <span class='ocrx_word' id='word_1_197' title='bbox 1783 1986 2030 2062; x_wconf 83' lang='lat' dir='ltr'>iniquis-</span> 
     </span>
     <span class='ocr_line' id='line_1_24' title="bbox 251 2062 2022 2144; baseline -0.001 -19"><span class='ocrx_word' id='word_1_198' title='bbox 251 2067 455 2126; x_wconf 85' lang='lat' dir='ltr'>fimum</span> <span class='ocrx_word' id='word_1_199' title='bbox 500 2064 653 2144; x_wconf 90' lang='lat' dir='ltr'>quod</span> <span class='ocrx_word' id='word_1_200' title='bbox 692 2083 844 2121; x_wconf 85' lang='lat' dir='ltr'>nunc</span> <span class='ocrx_word' id='word_1_201' title='bbox 886 2062 1260 2142; x_wconf 71' lang='lat' dir='ltr'>aequiffimu‘m</span> <span class='ocrx_word' id='word_1_202' title='bbox 1301 2063 1639 2143; x_wconf 73' lang='lat' dir='ltr'>judicatur,</span> <span class='ocrx_word' id='word_1_203' title='bbox 1689 2065 1783 2125; x_wconf 87' lang='lat' dir='ltr'>vel</span> <span class='ocrx_word' id='word_1_204' title='bbox 1827 2071 2022 2144; x_wconf 84' lang='lat' dir='ltr'>puniri</span> 
     </span>
     <span class='ocr_line' id='line_1_25' title="bbox 254 2144 2020 2224; baseline 0.001 -18"><span class='ocrx_word' id='word_1_205' title='bbox 254 2145 548 2224; x_wconf 87' lang='lat' dir='ltr'>improbos</span> <span class='ocrx_word' id='word_1_206' title='bbox 573 2181 594 2216; x_wconf 84' lang='lat'>‚</span> <span class='ocrx_word' id='word_1_207' title='bbox 618 2144 713 2203; x_wconf 84' lang='lat' dir='ltr'>vel</span> <span class='ocrx_word' id='word_1_208' title='bbox 738 2146 1089 2202; x_wconf 84' lang='lat' dir='ltr'>remunerari</span> <span class='ocrx_word' id='word_1_209' title='bbox 1113 2144 1324 2223; x_wconf 86' lang='lat' dir='ltr'>probos</span> <span class='ocrx_word' id='word_1_210' title='bbox 1349 2169 1363 2203; x_wconf 75' lang='grc' dir='ltr'><em>τ</em></span> <span class='ocrx_word' id='word_1_211' title='bbox 1410 2165 1554 2224; x_wconf 88' lang='lat' dir='ltr'>quos</span> <span class='ocrx_word' id='word_1_212' title='bbox 1577 2147 1650 2205; x_wconf 80' lang='lat' dir='ltr'>ad</span> <span class='ocrx_word' id='word_1_213' title='bbox 1674 2147 2020 2209; x_wconf 77' lang='lat' dir='ltr'>alterutrin&#39;n</span> 
     </span>
     <span class='ocr_line' id='line_1_26' title="bbox 254 2225 2018 2308; baseline 0.001 -22"><span class='ocrx_word' id='word_1_214' title='bbox 254 2250 371 2286; x_wconf 84' lang='lat' dir='ltr'>non</span> <span class='ocrx_word' id='word_1_215' title='bbox 418 2231 649 2305; x_wconf 83' lang='lat' dir='ltr'>propria</span> <span class='ocrx_word' id='word_1_216' title='bbox 694 2229 885 2283; x_wconf 79' lang='lat' dir='ltr'>mittit</span> <span class='ocrx_word' id='word_1_217' title='bbox 934 2226 1256 2298; x_wconf 80' lang='lat' dir='ltr'>voluntas,</span> <span class='ocrx_word' id='word_1_218' title='bbox 1297 2225 1391 2285; x_wconf 71' lang='lat' dir='ltr'>sed</span> <span class='ocrx_word' id='word_1_219' title='bbox 1437 2225 1630 2286; x_wconf 73' lang='lat' dir='ltr'>futuri’</span> <span class='ocrx_word' id='word_1_220' title='bbox 1662 2231 1818 2308; x_wconf 85' lang='lat' dir='ltr'>cogit</span> <span class='ocrx_word' id='word_1_221' title='bbox 1865 2249 2018 2288; x_wconf 84' lang='lat' dir='ltr'>certa</span> 
     </span>
     <span class='ocr_line' id='line_1_27' title="bbox 252 2306 2019 2390; baseline 0 -22"><span class='ocrx_word' id='word_1_222' title='bbox 252 2309 547 2368; x_wconf 81' lang='lat' dir='ltr'>neceffitas</span> <span class='ocrx_word' id='word_1_223' title='bbox 572 2349 586 2363; x_wconf 92' lang='lat'><strong><em>.</em></strong></span> <span class='ocrx_word' id='word_1_224' title='bbox 632 2306 764 2364; x_wconf 90' lang='lat' dir='ltr'>Nec</span> <span class='ocrx_word' id='word_1_225' title='bbox 806 2307 953 2386; x_wconf 73' lang='lat' dir='ltr'>vitia</span> <span class='ocrx_word' id='word_1_226' title='bbox 1005 2309 1183 2383; x_wconf 86' lang='lat' dir='ltr'>igitur</span> <span class='ocrx_word' id='word_1_227' title='bbox 1209 2343 1230 2377; x_wconf 87' lang='lat'>‚</span> <span class='ocrx_word' id='word_1_228' title='bbox 1274 2327 1380 2366; x_wconf 86' lang='lat' dir='ltr'>nec</span> <span class='ocrx_word' id='word_1_229' title='bbox 1407 2311 1656 2369; x_wconf 81' lang='lat' dir='ltr'>virtutes</span> <span class='ocrx_word' id='word_1_230' title='bbox 1698 2311 2019 2390; x_wconf 83' lang='lat' dir='ltr'>quidquam</span> 
     </span>
     <span class='ocr_line' id='line_1_28' title="bbox 250 2385 2016 2469; baseline 0.001 -21"><span class='ocrx_word' id='word_1_231' title='bbox 250 2389 514 2460; x_wconf 80' lang='lat' dir='ltr'>fuerint,</span> <span class='ocrx_word' id='word_1_232' title='bbox 557 2385 650 2446; x_wconf 88' lang='lat' dir='ltr'>sed</span> <span class='ocrx_word' id='word_1_233' title='bbox 696 2390 955 2444; x_wconf 85' lang='lat' dir='ltr'>omnium</span> <span class='ocrx_word' id='word_1_234' title='bbox 1000 2388 1342 2444; x_wconf 84' lang='lat' dir='ltr'>meritorum</span> <span class='ocrx_word' id='word_1_235' title='bbox 1389 2394 1582 2465; x_wconf 85' lang='lat' dir='ltr'>potius</span> <span class='ocrx_word' id='word_1_236' title='bbox 1631 2391 1796 2449; x_wconf 83' lang='lat' dir='ltr'>mista</span> <span class='ocrx_word' id='word_1_237' title='bbox 1840 2400 2016 2469; x_wconf 81' lang='lat' dir='ltr'>at&#39;que</span> 
     </span>
     <span class='ocr_line' id='line_1_29' title="bbox 248 2464 2020 2548; baseline 0 -20"><span class='ocrx_word' id='word_1_238' title='bbox 248 2467 558 2530; x_wconf 86' lang='lat' dir='ltr'>indiscreta</span> <span class='ocrx_word' id='word_1_239' title='bbox 582 2464 837 2525; x_wconf 79' lang='lat' dir='ltr'>confusio</span> <span class='ocrx_word' id='word_1_240' title='bbox 862 2506 875 2521; x_wconf 91' lang='lat'><em>.</em></span> <span class='ocrx_word' id='word_1_241' title='bbox 920 2469 1172 2548; x_wconf 88' lang='lat' dir='ltr'>Quoque</span> <span class='ocrx_word' id='word_1_242' title='bbox 1193 2468 1346 2524; x_wconf 88' lang='lat' dir='ltr'>nihil</span> <span class='ocrx_word' id='word_1_243' title='bbox 1369 2466 1700 2530; x_wconf 83' lang='lat' dir='ltr'>sceleratius</span> <span class='ocrx_word' id='word_1_244' title='bbox 1723 2475 2020 2548; x_wconf 80' lang='lat' dir='ltr'>excogita-</span> 
     </span>
     <span class='ocr_line' id='line_1_30' title="bbox 252 2546 2018 2631; baseline 0 -22"><span class='ocrx_word' id='word_1_245' title='bbox 252 2556 303 2609; x_wconf 89' lang='lat' dir='ltr'>ri</span> <span class='ocrx_word' id='word_1_246' title='bbox 328 2547 511 2628; x_wconf 87' lang='lat' dir='ltr'>potest</span> <span class='ocrx_word' id='word_1_247' title='bbox 534 2585 555 2619; x_wconf 84' lang='lat'>,</span> <span class='ocrx_word' id='word_1_248' title='bbox 597 2567 726 2605; x_wconf 84' lang='lat' dir='ltr'>cum</span> <span class='ocrx_word' id='word_1_249' title='bbox 751 2566 822 2631; x_wconf 71' lang='lat' dir='ltr'>ex.</span> <span class='ocrx_word' id='word_1_250' title='bbox 844 2546 1214 2624; x_wconf 79' lang='lat' dir='ltr'>providentia</span> <span class='ocrx_word' id='word_1_251' title='bbox 1243 2567 1426 2608; x_wconf 86' lang='lat' dir='ltr'>rerum</span> <span class='ocrx_word' id='word_1_252' title='bbox 1449 2557 1641 2610; x_wconf 79' lang='lat' dir='ltr'>onmis</span> <span class='ocrx_word' id='word_1_253' title='bbox 1679 2551 1820 2609; x_wconf 82' lang='lat' dir='ltr'>ordo</span> <span class='ocrx_word' id='word_1_254' title='bbox 1842 2551 2018 2609; x_wconf 78' lang='lat' dir='ltr'>duca-</span> 
     </span>
     <span class='ocr_line' id='line_1_31' title="bbox 253 2623 2013 2702; baseline 0.001 -15"><span class='ocrx_word' id='word_1_255' title='bbox 253 2649 394 2700; x_wconf 85' lang='lat' dir='ltr'>tur,</span> <span class='ocrx_word' id='word_1_256' title='bbox 438 2627 589 2685; x_wconf 78' lang='lat' dir='ltr'>nihil</span> <span class='ocrx_word' id='word_1_257' title='bbox 640 2647 709 2685; x_wconf 89' lang='lat' dir='ltr'>ue</span> <span class='ocrx_word' id='word_1_258' title='bbox 751 2623 1006 2684; x_wconf 75' lang='lat' dir='ltr'>consiliis</span> <span class='ocrx_word' id='word_1_259' title='bbox 1064 2625 1242 2686; x_wconf 86' lang='lat' dir='ltr'>liceat</span> <span class='ocrx_word' id='word_1_260' title='bbox 1287 2628 1602 2702; x_wconf 82' lang='lat' dir='ltr'>humanis,</span> <span class='ocrx_word' id='word_1_261' title='bbox 1645 2631 1712 2688; x_wconf 84' lang='lat' dir='ltr'>fit</span> <span class='ocrx_word' id='word_1_262' title='bbox 1755 2649 1820 2688; x_wconf 86' lang='lat' dir='ltr'>ut</span> <span class='ocrx_word' id='word_1_263' title='bbox 1863 2637 2013 2688; x_wconf 85' lang='lat' dir='ltr'>vitia</span> 
     </span>
     <span class='ocr_line' id='line_1_32' title="bbox 252 2648 2019 2791; baseline 0.002 -23"><span class='ocrx_word' id='word_1_264' title='bbox 252 2727 493 2791; x_wconf 81' lang='lat' dir='ltr'>&#39;quaeque</span> <span class='ocrx_word' id='word_1_265' title='bbox 516 2648 702 2766; x_wconf 54' lang='lat' dir='ltr'>nostra</span> <span class='ocrx_word' id='word_1_266' title='bbox 745 2707 819 2765; x_wconf 85' lang='lat' dir='ltr'>ad</span> <span class='ocrx_word' id='word_1_267' title='bbox 842 2707 1123 2766; x_wconf 84' lang='lat' dir='ltr'>bonorum</span> <span class='ocrx_word' id='word_1_268' title='bbox 1152 2712 1410 2769; x_wconf 87' lang='lat' dir='ltr'>omnium</span> <span class='ocrx_word' id='word_1_269' title='bbox 1457 2711 1778 2770; x_wconf 85' lang='lat' dir='ltr'>referantur</span> <span class='ocrx_word' id='word_1_270' title='bbox 1818 2709 2019 2771; x_wconf 61' lang='lat' dir='ltr'>aufin-</span> 
     </span>
     <span class='ocr_line' id='line_1_33' title="bbox 162 2785 2016 2868; baseline 0 -18"><span class='ocrx_word' id='word_1_271' title='bbox 162 2830 167 2833; x_wconf 64' lang='grc'><em>»</em></span> <span class='ocrx_word' id='word_1_272' title='bbox 254 2813 377 2852; x_wconf 85' lang='lat' dir='ltr'>rem</span> <span class='ocrx_word' id='word_1_273' title='bbox 403 2831 417 2846; x_wconf 93' lang='lat'><strong>.</strong></span> <span class='ocrx_word' id='word_1_274' title='bbox 463 2788 649 2867; x_wconf 87' lang='lat' dir='ltr'>Igitur</span> <span class='ocrx_word' id='word_1_275' title='bbox 672 2807 775 2846; x_wconf 88' lang='lat' dir='ltr'>nec</span> <span class='ocrx_word' id='word_1_276' title='bbox 796 2785 1059 2866; x_wconf 70' lang='lat' dir='ltr'>sperandi</span> <span class='ocrx_word' id='word_1_277' title='bbox 1082 2787 1307 2868; x_wconf 84' lang='lat' dir='ltr'>aliquid</span> <span class='ocrx_word' id='word_1_278' title='bbox 1334 2829 1356 2863; x_wconf 84' lang='lat'>‚</span> <span class='ocrx_word' id='word_1_279' title='bbox 1381 2813 1485 2849; x_wconf 84' lang='lat' dir='ltr'>nec</span> <span class='ocrx_word' id='word_1_280' title='bbox 1508 2793 1852 2867; x_wconf 85' lang='lat' dir='ltr'>deprecandi</span> <span class='ocrx_word' id='word_1_281' title='bbox 1892 2792 2016 2851; x_wconf 86' lang='lat' dir='ltr'>ulla</span> 
     </span>
     <span class='ocr_line' id='line_1_34' title="bbox 252 2867 2016 2951; baseline -0.001 -20"><span class='ocrx_word' id='word_1_282' title='bbox 252 2877 409 2931; x_wconf 80' lang='lat' dir='ltr'>ratio</span> <span class='ocrx_word' id='word_1_283' title='bbox 432 2869 509 2928; x_wconf 91' lang='lat' dir='ltr'>est</span> <span class='ocrx_word' id='word_1_284' title='bbox 532 2911 549 2926; x_wconf 87' lang='lat'><strong>.</strong></span> <span class='ocrx_word' id='word_1_285' title='bbox 594 2870 755 2951; x_wconf 89' lang='lat' dir='ltr'>Quid</span> <span class='ocrx_word' id='word_1_286' title='bbox 778 2871 931 2926; x_wconf 83' lang='lat' dir='ltr'>enirn</span> <span class='ocrx_word' id='word_1_287' title='bbox 958 2869 1051 2926; x_wconf 83' lang='lat' dir='ltr'>vel</span> <span class='ocrx_word' id='word_1_288' title='bbox 1099 2867 1283 2946; x_wconf 85' lang='lat' dir='ltr'>speret</span> <span class='ocrx_word' id='word_1_289' title='bbox 1320 2871 1622 2950; x_wconf 86' lang='lat' dir='ltr'>quisquam</span> <span class='ocrx_word' id='word_1_290' title='bbox 1648 2909 1670 2943; x_wconf 83' lang='lat'>‚</span> <span class='ocrx_word' id='word_1_291' title='bbox 1714 2874 1807 2931; x_wconf 82' lang='lat' dir='ltr'>vel</span> <span class='ocrx_word' id='word_1_292' title='bbox 1833 2877 2016 2931; x_wconf 85' lang='lat' dir='ltr'>etiam</span> 
     </span>
     <span class='ocr_line' id='line_1_35' title="bbox 256 2949 2016 3032; baseline 0.001 -22"><span class='ocrx_word' id='word_1_293' title='bbox 256 2955 593 3032; x_wconf 82' lang='lat' dir='ltr'>deprecetur</span> <span class='ocrx_word' id='word_1_294' title='bbox 634 2987 655 3021; x_wconf 89' lang='lat'>‚</span> <span class='ocrx_word' id='word_1_295' title='bbox 713 2949 943 3027; x_wconf 86' lang='lat' dir='ltr'>quando</span> <span class='ocrx_word' id='word_1_296' title='bbox 984 2953 1234 3028; x_wconf 85' lang='lat' dir='ltr'>optanda</span> <span class='ocrx_word' id='word_1_297' title='bbox 1279 2955 1492 3009; x_wconf 61' lang='lat' dir='ltr'>omnir</span> <span class='ocrx_word' id='word_1_298' title='bbox 1520 2950 1688 3012; x_wconf 86' lang='lat' dir='ltr'>series</span> <span class='ocrx_word' id='word_1_299' title='bbox 1734 2955 2016 3012; x_wconf 72' lang='lat' dir='ltr'>indeflexa</span> 
     </span>
     <span class='ocr_line' id='line_1_36' title="bbox 257 3029 2022 3112; baseline 0.001 -22"><span class='ocrx_word' id='word_1_300' title='bbox 257 3032 596 3094; x_wconf 61' lang='lat' dir='ltr'>conneRit?</span> <span class='ocrx_word' id='word_1_301' title='bbox 640 3029 959 3092; x_wconf 81' lang='lat' dir='ltr'>Auferetur</span> <span class='ocrx_word' id='word_1_302' title='bbox 978 3033 1416 3112; x_wconf 76' lang='lat' dir='ltr'>igitur-unicum</span> <span class='ocrx_word' id='word_1_303' title='bbox 1457 3031 1610 3092; x_wconf 80' lang='lat' dir='ltr'>illud</span> <span class='ocrx_word' id='word_1_304' title='bbox 1654 3038 1808 3093; x_wconf 80' lang='lat' dir='ltr'>inter</span> <span class='ocrx_word' id='word_1_305' title='bbox 1829 3035 2022 3092; x_wconf 77' lang='lat' dir='ltr'>homi-</span> 
     </span>
     <span class='ocr_line' id='line_1_37' title="bbox 362 3125 1948 3176; baseline 0.003 -4"><span class='ocrx_word' id='word_1_306' title='bbox 362 3125 369 3132; x_wconf 69' lang='grc'><strong>’</strong></span> <span class='ocrx_word' id='word_1_307' title='bbox 1849 3132 1948 3176; x_wconf 70' lang='lat' dir='ltr'>nes</span> 
     </span>
    </p>
   </div>
  </div>
 </body>
</html>
