2475 3723
505 175 1321 251 PHILOSOPHIAE
1379 188 1576 254 LIB.
1620 188 1754 252 111.
1846 197 1923 263 ⁶7

215 307 541 372 substantia
583 302 664 364 est
705 323 912 365 eorum
949 319 1192 381 quorum
1242 306 1590 367 naturaliter
1632 329 1750 368 non
1794 306 1871 367 est
1914 309 2008 367 ‹u-

217 391 420 452 versus
441 385 668 448 effecius
691 426 708 444 .
753 383 986 464 Negare
1015 420 1037 454 ‚
1079 390 1319 464 inquam
1343 423 1365 456 ,
1408 409 1633 466 nequeo
1659 431 1673 445 .
1726 387 1898 448 Nosti
1934 409 2007 448 ne

219 477 406 552 igitur
427 506 450 542 ,
491 471 684 546 inquit
708 502 731 539 ,
777 486 952 524 omne
973 469 1126 544 quod
1152 465 1230 526 est
1256 503 1279 539 ,
1324 471 1549 527 tamdiu
1574 491 1810 528 manere
1832 487 2009 548 atque

219 549 554 621 subsistere,
597 549 878 628 quamdiu
923 546 991 606 fit
1013 567 1190 610 uuum
1222 568 1241 618 3
1288 545 1381 610 sed
1406 554 1644 612 interire
1692 569 1867 629 atque
1890 548 2009 609 dis-

145 693 154 706 ,
221 631 375 692 solvi
439 634 655 710 pariter
717 644 896 709 atque
939 649 1114 690 unum
1183 626 1295 690 effe
1338 630 1625 692 destiterit
1649 633 1673 691 ?
1728 631 2008 714 Qo'nam

221 712 441 774 modo?
484 709 573 772 Ut
595 715 658 768 in
679 708 1036 768 animalibus
1057 744 1079 781 ,
1125 712 1319 791 inquit
1344 749 1365 783 ‚
1409 734 1539 772 cnm
1569 718 1631 772 in
1656 717 1835 772 unum
1874 721 2017 773 coii-

219 807 326 852 unt
346 828 370 865 ,
412 813 482 851 ac
503 806 847 869 permanent
868 793 1066 848 anima·
1089 791 1405 870 corpusque
1426 829 1449 864 ‚
1496 795 1552 852 id
1580 795 1799 852 animal
1830 815 2007 854 voca·

217 894 316 933 rur
339 914 354 931 .
397 871 556 934 Cum
583 890 719 930 veto
741 869 855 928 haec
875 872 1072 927 unitas
1094 870 1393 950 utriusque
1418 870 1780 954 separatione
1802 875 2006 950 dissolg-

218 960 382 1014 vitur
406 989 427 1024 ‚
469 953 713 1020 interire
745 983 767 1020 ,
807 968 912 1008 nec
932 949 1050 1027 jam
1074 948 1186 1010 effe
1207 955 1429 1024 animal
1456 990 1479 1025 ‚
1522 954 1711 1033 liquet
1734 998 1749 1012 .
1804 953 2006 1033 Ipsuni

219 1054 454 1113 quoque
475 1049 685 1109 corpus.
706 1051 838 1089 curn
861 1033 924 1088 in
947 1051 1059 1088 una
1085 1027 1271 1089 forma
1300 1067 1321 1102 ,
1348 1033 1737 1096 membrorum
1760 1038 2005 1112 conjunf-

221 1115 418 1174 &ione
440 1148 462 1185 ‚
504 1128 804 1190 permanet
827 1146 852 1182 9
887 1110 1139 1170 humana
1187 1108 1387 1170 visitur
1430 1111 1647 1190 species
1671 1153 1687 1168 .
1736 1114 1825 1171 At
1852 1113 1890 1171 fi
1914 1115 2011 1171 di-
2031 1118 2043 1126 '

217 1192 503 1265 stributae‚
527 1191 944 1270 segregataeque
970 1208 1165 1270 partes
1193 1197 1449 1271 corporis
1474 1189 1851 1251 distraxerint
1876 1198 2015 1268 uni,-

219 1289 410 1332 tatem
433 1309 456 1345 ,
499 1271 708 1341 definit
733 1271 847 1331 effe
869 1273 1024 1351 quod
1048 1269 1239 1332 fuerat
1262 1313 1277 1329 .
1324 1271 1530 1352 quue
1578 1275 1752 1332 modo
1780 1291 2014 1352 percur-

221 1357 378 1414 renti
401 1370 588 1414 cetera
618 1351 821 1432 procul
847 1352 1025 1414 dubio
1067 1353 1295 1432 patebit
1318 1353 1608 1414 subsistere
1636 1345 2016 1435 unumquode-

221 1457 335 1515 que
357 1469 378 1507 2
403 1437 560 1498 ‘dum
583 1455 764 1493 uuum
791 1430 870 1495 est
897 1455 911 1493 ε
956 1454 1086 1494 cum
1117 1456 1253 1494 vero
1273 1455 1451 1496 unum
1478 1433 1593 1496 effe
1616 1435 1822 1496 definit
1850 1473 1872 1508 ,
1916 1438 2013 1494 in-

221 1520 394 1576 terire
414 1559 430 1574 .
487 1515 900 1576 Confideranti
930 1549 953 1588 ,
995 1521 1236 1596 inquam
1264 1552 1285 1588 ‚-
1330 1519 1477 1581 mihi
1506 1519 1670 1597 plura
1697 1552 1718 1589 ‚
1761 1519 2011 1592 minime

219 1597 392 1666 aliud
412 1598 646 1658 videtur
670 1639 685 1653 .
721 1595 833 1656 Est
861 1612 932 1656 ne
957 1600 1137 1678 igitur
1160 1634 1181 1669 ‚
1206 1603 1429 1679 inquit,
1460 1601 1613 1679 quod
1637 1603 1698 1657 in
1724 1616 2012 1678 quantum

217 1680 571 1742 naturaliter
591 1695 728 1755 agat
753 1713 774 1746 ,
817 1678 1020 1736 relieta
1046 1676 1723 1757 sustinendiappetentia
1761 1716 1782 1752 ‚
1827 1701 1937 1738 ven
1954 1683 2007 1736 i·-

219 1778 284 1816 re
301 1759 380 1821 ‚ad
423 1760 730 1817 interitum
756 1789 779 1826 ,
821 1759 1368 1833 corruptionemque
1410 1759 1730 1817 desideret?
1784 1759 1842 1817 Si
1870 1763 2007 1817 ani·-

224 1835 406 1901 malia
431 1872 453 1907 ,
480 1841 724 1915 inquam
751 1868 772 1904 ‚
795 1832 1146 1891 confiderem
1170 1869 1193 1906 ‚
1216 1855 1341 1912 quae
1363 1837 1580 1895 habent
1603 1839 1865 1914 aliquam
1895 1845 2005 1897 vo?-

119 1946 124 1948 ·
228 1917 392 1977 leudi
417 1915 771 1992 nolendique
813 1930 1081 1971 naturam
1110 1951 1132 1986 ,
1175 1916 1327 1972 nihil
1357 1920 1605 1974 invenio
1628 1917 1783 1995 quod
1807 1952 1828 1987 ,
1876 1910 2011 1975 nul?-

229 2000 310 2058 lis
331 2012 495 2056 extra
519 1992 860 2074 cogentibus
884 2028 905 2065 ‚
947 1994 1230 2071 abjiciant
1252 1996 1530 2053 manendi
1563 2000 1956 2057 intentionem
1985 2032 2009 2073 ,
2060 2058 2071 2067 ‚

227 2079 380 2139 &ad
402 2079 708 2135 interitum
751 2072 955 2152 sponte
997 2072 1275 2136 festinent
1302 2114 1318 2131 .
1362 2076 1559 2135 Omne
1582 2096 1837 2155 namque
1876 2083 2013 2136 ani-

227 2159 351 2219 mal
376 2162 526 2217 tueri
547 2156 794 2215 salutem
817 2157 1084 2215 laborat:
1128 2175 1380 2217 mortem
1428 2178 1565 2217 vero
1586 2194 1611 2231 ‚
1654 2162 2008 2236 perniciem-

229 2262 342 2321 que
363 2240 586 2299 devitat
610 2279 623 2294 .
673 2238 781 2295 Sed
808 2240 946 2317 quid
970 2239 1042 2297 de
1063 2238 1257 2299 herbis
1282 2274 1304 2311 ‚
1348 2237 1764 2319 arboribusque
1792 2277 1815 2311 ,
1861 2237 2005 2320 quid

229 2322 301 2381 de
324 2322 668 2379 inanimatis
690 2324 932 2378 omnino
977 2322 1339 2379 consentiam
1391 2321 1557 2384 rebus
1581 2355 1603 2392 ,
1646 2320 1875 2401 prorsus
1902 2323 2009 2379 du·

231 2402 360 2463 bito
385 2440 401 2459 .
469 2401 661 2479 Atqui
703 2420 821 2457 non
865 2396 944 2457 est
988 2400 1142 2477 quod
1200 2400 1273 2459 dc
1313 2402 1423 2461 hoc
1459 2404 1626 2481 poffis
1668 2404 1963 2483 ambigere
1982 2438 2010 2479 ‚

231 2506 362 2545 eum
406 2484 609 2541 herbas
637 2516 659 2550 ‚
701 2496 880 2558 atque
919 2479 1154 2539 arbores
1197 2486 1479 2541 intuearis
1528 2520 1551 2555 ‚
1608 2489 1860 2562 primum
1879 2548 1885 2554 ,
1905 2481 2011 2561 fibi

231 2561 718 2625 convenientibus
741 2559 965 2620 innasci
988 2561 1134 2637 locis
1160 2598 1182 2631 ‚
1226 2563 1329 2635 ubi
1353 2584 1635 2643 quantum
1680 2584 1877 2625 earum
1900 2582 2016 2620 na-

233 2666 363 2707 tura
391 2661 565 2724 queat
590 2678 611 2713 ,
655 2646 774 2701 cito
823 2638 1146 2703 exarescere
1176 2679 1198 2714 ,
1237 2662 1415 2725 atque
1458 2650 1697 2705 interire
1720 2666 1834 2703 non
1879 2635 2012 2719 pos-

235 2727 372 2787 sunt
395 2765 411 2782 .
455 2720 614 2783 Nam
637 2724 766 2781 aliz
787 2724 1024 2803 quidem
1047 2729 1269 2805 campis
1293 2761 1314 2798 ‚
1334 2725 1463 2785 aliae
1487 2725 1783 2787 montibus
1805 2729 2009 2791 oriun-

237 2824 336 2867 tur
355 2846 377 2882 ‚
421 2804 569 2864 alias
589 2800 787 2864 ferunt
811 2805 1052 2883 paludes
1077 2841 1100 2878 ‚
1142 2810 1273 2867 aliae
1294 2808 1447 2867 saxis
1472 2810 1684 2867 haerent
1706 2841 1729 2878 ‚
1751 2805 2009 2881 aliarum

239 2887 521 2957 foe‘cundae
543 2884 673 2946 sunt
716 2884 934 2945 steriles
955 2906 1138 2945 arenae
1162 2924 1184 2961 ‚
1225 2910 1369 2968 quas
1393 2889 1431 2948 fi
1471 2893 1529 2947 in
1574 2887 1693 2945 alia
1718 2884 2008 2967 quispiam

239 2968 371 3029 loca
395 2966 712 3031 transferre
730 2986 970 3028 conetur
994 3004 1015 3039 ,
1055 2968 1313 3031 arescant
1338 3010 1355 3029 .
1400 2968 1513 3027 Sed
1536 2968 1638 3027 dat
1659 2972 1869 3049 cuique
1900 2986 2008 3025 na·-

237 3066 368 3117 sura
393 3051 548 3133 quod
569 3054 848 3116 convenit
869 3084 891 3124 ,
921 3052 994 3111 ’ὅτ
1019 3072 1092 3113 ue
1114 3086 1136 3125 ,
1179 3052 1575 3189 dumEmanere
1594 3048 1829 3131 possunt
1850 3084 1873 3118 ‚
1916 3050 2009 3107 in-

1435 3147 1468 3187 2
1815 3146 1929 3187 tet·
