2475 3723
539 169 616 220 ιι
737 155 1207 242 ΒοΕΤΗμῙ
1270 155 1407 214 DE
1462 155 1907 216 coNsoL.

460 265 968 346 euiptpraesoutem
997 285 1226 345 quoqne
1247 302 1273 336 ,
1291 265 1807 348 blandientemque
1820 269 2107 342 uirilibus
2124 277 2225 332 ‘n-

459 346 658 410 ceffere
685 346 870 406 verbis
899 367 917 415 3
960 365 1204 425 eamque
1227 347 1299 406 de
1324 345 1516 406 nostro
1559 349 1740 422 adyto
1782 351 2033 425 prolatis
2076 299 2227 413 inie-

458 428 682 490 §labare
727 426 1034 486 sententiis
1059 469 1080 500 .,
1127 427 1340 486 Verum
1384 431 1573 485 omnis
1620 428 1807 488 subita
1856 439 2115 506 mutatio
2134 451 2224 497 te-

453 527 586 576 rum
601 527 720 568 non
747 507 862 566 sine
886 510 1132 586 quodam
1161 507 1315 586 quali
1340 508 1511 566 fluRu
1538 500 2186 612 contingitanimorum
2208 557 2225 570 .

451 577 786 660 Sidfaaum
811 587 889 646 est
915 625 936 658 ,
974 608 1037 646 ut
1061 607 1120 645 tu
1149 607 1376 670 quoque
1398 587 1779 668 paullisper-a
1804 596 2233 672 tuatranquil·

449 666 626 735 litate
647 668 961 744 discesseris
991 712 1003 724 .
1035 670 1158 745 ..Sed
1206 687 1436 747 tempus
1460 667 1538 728 est
1563 705 1584 740 ‚
1626 673 1859 732 haurire
1904 687 1961 730 te
1988 673 2229 752 aliquid

447 770 516 808 ac
538 745 834 830 degustare
855 750 1038 809 molle
1062 784 1086 818 ς
1125 757 1307 832 atque
1345 751 1659 830 jucundum
1694 788 1725 824 ,
1749 751 1909 830 quod
1948 753 2020 810 ad
2061 756 2237 813 inte-

446 837 600 900 riora
625 829 1014 910 transmissum
1041 831 1429 890 validioribus
1454 829 1748 891 haustibus
1773 836 1929 891 viam
1967 831 2171 892 fecerit
2210 875 2231 908 .-

449 909 622 972 Adsit
646 897 848 992 igitur*
869 907 1186 988 ‘rhetorica'
1223 905 1457 972 suadela
1502 911 1833 970 dulcedinis
1858 949 1879 983 ,
1922 915 2041 990 qu'ae
2073 930 2227 974 ,tunc

448 1010 685 1066 tantum
709 994 864 1052 teilo
889 993 1042 1051 calle
1065 995 1327 1072 procedit
1352 1030 1374 1066 ‚
1418 1014 1546 1051 cum
1572 993 1762 1050 nostra
1815 991 2081 1052 instituta
2110 1017 2231 1053 nou

452 1069 665 1146 deserit
692 1095 712 1152 ᾗ
756 1069 1001 1153 cumque
1023 1075 1132 1134 hac
1159 1073 1365 1132 musica
1417 1075 1552 1132 laris
1600 1073 1779 1132 nostri
1808 1075 2047 1135 vernula
2076 1093 2233 1134 nunc·

451 1154 706 1213 leviores
732 1192 752 1226 ,
796 1177 949 1214 nunc
991 1159 1283 1234 graviores
1330 1157 1533 1215 modos
1578 1153 1839 1215 succinat
1865 1195 1880 1210 .
1939 1155 2101 1240 Quid
2142 1155 2227 1214 est

454 1238 663 1316 igitur,
689 1259 720 1293 o
746 1238 918 1296 homo
939 1271 960 1306 9
987 1237 1142 1314 qu'od
1163 1245 1222 1299 te
1246 1239 1307 1296 in
1330 1235 1661 1298 moestitiam
1689 1269 1711 1309 5
1754 1235 2084 1316 lufihamque
2120 1237 2225 1295 de-

454 1316 642 1394 jecit?
689 1336 905 1374 novum
949 1320 1120 1375 credo
1163 1317 1437 1396 aliquid,
1482 1319 1935 1396 inusitatumque
1980 1316 2219 1376 vidisti.

458 1391 554 1452 Tu
579 1429 600 1464 ‚
645 1394 680 1450 fi
708 1391 1001 1453 fortunam
1028 1413 1197 1472 putas
1219 1417 1352 1472 erga
1400 1414 1461 1452 te
1496 1397 1609 1454 eise
1654 1415 1941 1456 mutatam
1968 1433 1988 1468 ‚
2030 1419 2181 1456 erras
2205 1439 2223 1453 .

454 1472 546 1530 Hi
571 1473 788 1550 semper
811 1477 930 1551 ejus
953 1494 1140 1540 mores
1165 1495 1188 1542 ς
1231 1475 1349 1532 haec
1400 1493 1603 1534 natura
1658 1475 1737 1532 est
1761 1516 1797 1534 .-
1821 1477 2085 1537 Servavit
2109 1481 2227 1536 cir-

457 1574 522 1613 ca
549 1571 607 1613 te
649 1558 938 1631 propriam
986 1557 1179 1632 potius
1227 1557 1287 1608 in
1334 1553 1455 1630 ipsa
1502 1552 1587 1610 sui
1638 1555 2041 1614 mutabilitate
2078 1579 2228 1614 con-

452 1633 725 1692 stantiam
751 1675 764 1689 .
835 1633 1002 1696 Talis
1047 1652 1170 1694 erat
1211 1653 1340 1694 cum
1406 1633 1817 1714 blandiebatur
1862 1671 1883 1706 ‚
1926 1656 2057 1694 cum
2100 1637 2223 1696 tibi

453 1713 610 1773 falsae
654 1715 944 1775 illecebris
985 1713 1299 1774 felicitatis
1356 1714 1642 1773 alluderet
1686 1755 1701 1773 .
1767 1713 2221 1794 Deprehendisti

451 1800 583 1865 caeci
629 1800 886 1854 numinis
911 1797 1214 1877 ambiguos
1241 1795 1441 1854 vultus
1462 1835 1477 1853 .
1520 1798 1662 1891 Qaae
1686 1793 1803 1854 sese
1826 1797 2012 1857 adhuc
2058 1797 2218 1858 velat

453 1870 592 1937 'aliis
619 1916 639 1951 ‚
683 1899 808 1942 tota
854 1878 965 1947 tibi
1015 1875 1242 1959 prorsus
1288 1880 1589 1937 innotuit.
1660 1878 1719 1937 Si
1764 1879 2015 1956 probas,
2058 1899 2215 1939 utere

452 1960 713 2019 moribus
740 1996 760 2031 ‚
787 1982 858 2018 ne
883 1966 1139 2040 queraris
1163 1999 1175 2012 ·
1219 1960 1282 2018 Si
1310 1958 1607 2037 perfidiam
1634 1959 2038 2039 perhorresciS‚
2064 1960 2216 2041 sper·

453 2048 528 2095 ne
551 2040 586 2109 ς’
617 2058 802 2119 atque·
835 2042 1022 2118 abjice
1065 2039 1385 2117 perniciose
1426 2040 1787 2097 alludentem
1817 2080 1831 2095 .
1892 2041 2047 2099 Nam
2090 2063 2207 2120 quae

446 2120 892 2182 ‘nunc'moeroris
938 2119 1050 2177 tibi
1073 2116 1257 2175 caussa
1285 2125 1439 2178 tanti
1479 2120 1556 2177 est
1581 2155 1603 2190 ‚
1646 2122 1764 2179 haec
1805 2124 2004 2181 eadem
2054 2140 2213 2181 tran-

448 2190 780 2275 quillitatis
825 2199 935 2255 esse
978 2196 1259 2281 debuiss'evt
1288 2240 1302 2255 .
1370 2195 1650 2279 Reliquit
1693 2203 1847 2259 euim
1891 2220 1994 2273 te,
2038 2224 2205 2282 quam

447 2298 565 2335 nou
608 2276 940 2337 reliam-am
986 2299 1156 2337 nemo
1199 2300 1473 2361 umquam
1525 2285 1741 2363 poterit
1782 2282 1894 2343 effe
1938 2282 2198 2344 securus.

447 2357 553 2439 An
577 2378 712 2417 vero
735 2376 799 2418 tu
843 2360 1153 2437 pretiosam
1198 2359 1441 2420 aestimas
1476 2363 1762 2445 abituram
1809 2362 2205 2427 felicitatem?

448 2441 507 2497 ὅ(
529 2460 656 2510 cara
681 2434 791 2496 tibi
817 2438 895 2499 est
919 2439 1150 2501 fortuna
1177 2441 1417 2521 praesens
1441 2478 1461 2515 ‚
1505 2465 1611 2503 nec
1632 2448 1907 2505 manendi
1948 2447 2058 2505 fida
2086 2484 2107 2519 ‚
2150 2450 2205 2505 &

448 2543 578 2595 curn
601 2518 911 2579 discesserit
954 2522 1204 2581 allatura
1251 2524 1598 2584 moerorem?
1642 2528 1816 2609 Quod
1841 2527 1878 2585 si
1920 2549 2025 2587 nec
2048 2528 2205 2587 arbi·

445 2596 564 2661 'trio
586 2604 818 2674 retineri
845 2602 1029 2680 potest
1053 2640 1074 2677 ‚
1117 2606 1172 2661 ὅτ
1197 2604 1569 2665 calamitosos
1594 2605 1821 2689 fugiens
1846 2602 1989 2667 facit
2017 2630 2036 2680 3
2062 2610 2199 2689 quid

451 2680 530 2742 ‘est
573 2684 732 2743 aliud
780 2682 952 2763 fugax
985 2721 1006 2756 ‚
1047 2706 1216 2763 quam
1265 2684 1467 2746 futura:
1513 2690 1801 2767 quoddam
1846 2688 2203 2749 calamitatis

449 2765 778 2823 iudicium?
821 2762 1028 2845 Neque
1072 2770 1224 2823 enim
1267 2768 1419 2847 quod
1443 2788 1581 2829 ante
1624 2772 1822 2829 oculos
1867 2770 2030 2829 situm
2074 2768 2203 2843 est,

443 2844 728 2919 suffecerit
755 2850 1005 2907 intueri.
1051 2844 1279 2907 Rerum
1326 2853 1516 2907 exitus
1560 2852 1864 2933 prudentia
1908 2852 2149 2909 metitur
2177 2874 2205 2923 ς

446 2928 842 3007 eademquein
867 2928 1147 2989 alterutro
1193 2926 1561 2990 mutabilitas
1590 2967 1611 3002 ‚
1652 2953 1757 2989 nec
1801 2929 2205 3001 formidandas

443 3004 686 3069 fortuuae
708 3013 897 3069 minas
921 3047 942 3085 ,
985 3031 1089 3068 nec
1109 3010 1466 3089 exoptandas
1511 3010 1652 3073 facit
1676 3009 1790 3071 esse
1835 3010 2154 3073 blanditias
2181 3058 2203 3093 ·.

1906 3094 1915 3105 ’
2006 3091 2121 3151 Po-
