2475 3723
540 141 1357 208 PHILOSOPHIAE
1415 139 1784 205 L11321-11.
1904 159 1981 214 45

275 267 491 324 rameri⁴
509 259 894 322 beatitudinis
917 257 1094 319 finem
1131 264 1343 320 nititur
1384 263 1687 338 pervenire
1711 300 1725 315 .
1768 257 1835 317 121
1859 277 2057 320 autem

283 345 368 405 est
391 347 608 404 honum
648 363 762 422 quo
785 344 917 420 quis
961 342 1174 420 adepto
1200 377 1223 413 ,
1266 340 1419 399 nihil
1466 341 1711 400 ulterius
1745 340 2061 408 desiderare

273 443 466 505 queat
492 467 510 486 .
553 424 730 508 Qrod
753 423 988 501 quidem
1013 422 1090 482 est
1115 427 1383 481 omnium
1408 419 1693 481 summum
1729 421 2013 480 bonorum
2036 451 2059 492 ⁵

277 505 606 584 -cunssiaque
627 510 786 564 intra
811 501 869 562 se
894 503 1042 562 bona
1067 509 1379 564 continens
1402 525 1419 562 .·
1460 508 1555 563 cui
1577 504 1614 563 si
1640 504 1781 583 quid
1804 500 2063 570 abforet,

295 585 578 647 summum
603 585 716 645 effe
757 607 874 644 nou
920 582 1148 662 poffet3
1195 589 1473 666 quoniam
1498 586 1921 664 relinqueretur
1963 603 2067 642 ex-

287 667 568 728 trinsecus
611 666 768 744 quod
813 665 997 742 posset
1021 670 1212 743 optari
1241 705 1257 722 .
1298 664 1515 743 Liquet
1542 663 1719 746 igitur
1744 702 1766 738 ‚
1810 665 2069 724 beatitu-

287 751 486 810 dinem
508 749 624 808 effe
646 745 858 804 statum
882 745 1163 804 bonorum
1180 750 1444 817 omnium
1467 750 1917 827 congregatione
1936 765 2069 824 per·
2131 819 2147 828 ἱ

277 827 502 890 seclum
531 867 546 883 .
591 826 774 886 Hunc
797 861 820 896 ,
845 830 936 884 uti
955 827 1214 886 diximus
1230 863 1253 898 ‚
1276 825 1504 884 diverso
1526 833 1765 888 tramite
1784 828 2067 886 mortales

285 931 488 972 ornnes
511 923 800 968 conantur
821 905 1066 984 adipisci
1092 949 1106 964 .
1133 906 1236 964 Est
1260 911 1415 965 enim
1440 910 1735 968 mentibus
1758 909 2065 968 hominum

293 995 418 1050 veri
451 991 592 1048 bo‘ni
633 987 981 1048 naturaliter
1029 987 1243 1046 inserta
1288 988 1576 1063 cupiditas
1602 1011 1615 1046 ε
1658 987 1755 1046 sed
1798 990 1871 1046 ad
1914 984 2065 1044 falsa

291 1073 498 1130 devius
541 1090 698 1129 error
737 1068 974 1127 abducit
1001 1108 1016 1124 .
1059 1070 1324 1151 Qioru'm
1352 1069 1585 1143 quidem
1632 1068 1743 1124 alii
1778 1066 2065 1126 summum

293 1149 408 1213 effe
433 1150 646 1210 bonurn
693 1148 885 1208 nihilo
938 1149 1196 1227 indigere
1240 1147 1577 1218 credentes,
1620 1165 1685 1206 ut
1726 1149 1962 1208 divitiis
1980 1143 2075 1204 af·

294 1232 480 1289 fluant
506 1269 527 1304 ‚
569 1231 914 1292 elaborant:
957 1231 1066 1288 alii
1095 1250 1232 1288 vero
1275 1228 1489 1288 bonum
1514 1265 1535 1299 ‚
1580 1229 1734 1307 quod
1760 1228 1827 1290 fit
1852 1223 2073 1308 dignis-

293 1311 498 1372 fimum
523 1316 896 1372 veneratione
921 1346 942 1380 ‚
961 1312 1288 1390 judicantes
1306 1346 1327 1381 ‚
1350 1312 1580 1390 adeptis
1604 1311 1921 1372 honoribus
1938 1345 1959 1380 ‚
1984 1328 2073 1366 re-

296 1393 538 1452 verendi
564 1395 794 1456 civibus
818 1392 932 1450 suis
955 1390 1067 1450 effe
1101 1397 1372 1451 nituntur
1392 1433 1409 1449 .
1472 1394 1616 1451 Sunt
1641 1398 1741 1470 qui
1784 1390 2096 1452 summurnx

293 1474 508 1535 bonum
531 1479 594 1534 in
641 1475 865 1534 summa
909 1479 1174 1552 potentia
1199 1473 1313 1534 effe
1336 1472 1731 1535 constituant:
1774 1474 1837 1533 hi
1862 1474 1956 1534 vel
1982 1493 2071 1532 re-

290 1576 468 1635 gnare
490 1558 594 1636 ipfi
619 1557 832 1618 volunt
857 1593 882 1630 ‚
922 1555 1020 1614 vel
1043 1555 1420 1636 regnantibus
1442 1557 1727 1616 adhaerere
1747 1574 2034 1616 conantur
2049 1593 2067 1610 .

293 1637 387 1695 At
409 1639 618 1714 quibus
662 1637 952 1715 optimum
999 1637 1277 1713 quiddam
1304 1637 1543 1696 claritas
1567 1638 1799 1696 videtur
1821 1674 1844 1712 ,
1884 1637 1946 1694 hi
1970 1636 2069 1694 vel

292 1716 441 1774 belli
466 1752 487 1786 ,
529 1719 627 1775 vel
686 1720 846 1792 pacis
871 1714 1093 1772 artibus
1139 1715 1455 1792 gloriosum
1500 1737 1709 1776 nomen
1755 1735 2077 1796 propagare

293 1794 572 1854 festinant
599 1831 634 1850 .·
661 1794 908 1852 Plurimi
941 1813 1076 1851 vero
1101 1792 1241 1850 boni
1264 1792 1517 1852 stafilum
1540 1799 1751 1873 gaudio
1776 1831 1797 1864 ‚
1839 1797 2077 1854 letitia-

299 1898 411 1953 que
433 1882 792 1935 metiuntur:
839 1876 894 1932 hi
945 1872 1333 1933 feliciffimum
1378 1891 1589 1951 putant
1616 1878 1923 1951 voluptate
1955 1873 2078 1931 dif-

294 1958 472 2015 fluere
494 2000 508 2013 .
542 1954 700 2015 Sunt
744 1958 921 2015 etiam
967 1956 1068 2033 qui
1113 1955 1318 2015 horum
1368 1955 1512 2013 fines
1536 1990 1557 2025 ‚
1599 1952 1931 2034 caussasque
1982 1954 2075 2013 al·—

298 2055 518 2096 terutro
553 2041 895 2117 'permutant
945 2058 958 2094 :
1003 2056 1067 2093 ut
1109 2041 1208 2116 qui
1272 2038 1519 2096 divitias
1560 2038 1634 2097 ob
1677 2041 2005 2116 potentiam
2048 2069 2073 2107 2

298 2118 747 2199 voluptatesque
767 2118 1090 2178 defiderant
1119 2154 1142 2188 ‚
1186 2119 1283 2177 vel
1308 2122 1409 2197 qui
1436 2126 1761 2196 potentiam
1787 2116 1881 2177 seu
1903 2138 2077 2196 pecu·-

295 2204 406 2258 niae
427 2200 612 2259 cauffa
641 2238 661 2273 ‚
708 2200 799 2260 seu
826 2197 1156 2279 proferendi
1179 2204 1438 2259 nominis
1460 2219 1669 2279 petunt
1692 2241 1707 2257 .
1753 2196 1823 2257 In
1846 2201 1939 2261 his
1961 2203 2077 2280 igi-

298 2298 394 2339 tur
417 2317 438 2351 ‚
503 2282 818 2360 ceterisque
862 2280 1082 2339 talibus
1128 2280 1513 2339 humanorum
1558 2283 1791 2342 adinum
1816 2316 1837 2352 2
1902 2299 2079 2342 voto·

300 2382 542 2441 rumque
580 2363 838 2423 versatur
861 2367 1116 2421 intentio
1141 2396 1164 2432 ,
1209 2362 1397 2421 veluti
1418 2363 1701 2425 nobilitas
1727 2398 1748 2432 2
1790 2361 2077 2443 favorque

297 2445 600 2521 popularis
625 2480 644 2515 ‚
688 2466 808 2523 quae
833 2446 1108 2503 videntur
1130 2443 1439 2520 quamdam
1465 2445 1873 2505 claritudinem
1912 2464 2073 2504 com-

299 2544 548 2601 parare,
593 2547 783 2597 uxor,
824 2547 890 2584 ac
915 2525 1087 2582 liberi
1113 2558 1134 2593 ‚
1177 2528 1280 2603 qui
1320 2527 1706 2602 jucunditatis
1732 2528 1918 2605 gratia
1972 2544 2076 2601 pe·-

303 2623 512 2664 tuntur
536 2646 550 2661 .
599 2608 944 2665 Amicorum
994 2626 1130 2663 vero
1158 2641 1181 2676 ,
1224 2606 1375 2683 quod
1402 2603 1807 2666 sanfflffimum
1836 2605 2073 2683 quidem

304 2707 485 2765 genus
507 2686 587 2745 est
611 2724 634 2759 ,
675 2709 790 2746 non
835 2691 896 2747 in
923 2686 1154 2745 fortuna
1183 2721 1204 2755 ,
1249 2686 1341 2745 sed
1368 2691 1427 2744 in
1458 2692 1675 2747 virtute
1699 2703 2032 2744 numeratur
2053 2726 2072 2745 .

309 2770 644 2849 Reliquum
674 2792 810 2829 vero
833 2771 928 2828 vel
958 2772 1234 2847 potentia
1276 2766 1459 2827 caussa
1490 2803 1512 2840 ,
1551 2770 1645 2826 vel
1670 2764 2079 2825 delefiationis
2168 2772 2181 2784 “

307 2851 655 2911 aisumitur‘.
699 2850 824 2929 Jam
855 2872 990 2909 vero
1011 2854 1270 2932 corporis
1318 2849 1467 2907 bona
1493 2866 1787 2925 promtum
1809 2846 1887 2906 est
1924 2864 1986 2905 ut
2002 2846 2077 2905 ad

309 2932 596 3009 superiora
643 2931 968 2993 referantur
991 2972 1004 2987 .
1053 2930 1266 2991 Robur
1308 2935 1467 2989 enim
1490 2930 1949 3008 magnitudoque
1985 2930 2079 2985 vi-

301 3013 516 3078 ¹‹lentur-
558 3014 816 3099 praestare
859 3014 1224 3075 valentiam:
1267 3010 1643 3090 pulchritudo
1662 3026 1841 3089 atque
1864 3008 2081 3069 veloci-

1913 3106 2006 3149 128
2122 3108 2131 3115 “
