2475 3723
532 162 643 221 ωε
768 114 1246 219 ΒοετΗίι
1311 156 1453 225 οε
1511 161 1969 227 coNson.

458 278 571 339 esse
593 294 864 337 eventum
888 274 1284 355 praescitarum
1331 300 1518 340 rerum
1549 315 1572 353 9
1605 282 1782 341 etiam
1809 282 1848 339 fi
1875 281 2252 361 prescientia

458 361 672 419 futuris
696 360 861 419 rebus
905 358 1218 418 eveniendi
1257 360 1646 423 necessitatem
1688 382 1804 420 non
1831 364 2104 424 videatur
2148 370 2257 423 in-

457 441 611 501 ferre
634 481 650 497 .
694 439 937 499 Etenim
960 438 999 498 sn
1023 438 1310 518 quispiam
1335 438 1529 501 sedeat
1545 476 1566 511 ‚
1591 446 1926 519 opinionem
1952 466 2077 523 qnae
2101 466 2246 505 eum

460 520 654 581 sedere
673 518 959 599 conjeciat
982 554 1005 591 9
1048 540 1242 579 veram
1266 518 1376 578 effe
1399 520 1618 581 necesse
1639 521 1718 579 est
1743 544 1757 581 ε
1800 541 1861 580 at
1881 545 1930 585 .e
1951 525 2253 589 converso

463 600 653 660 rursus
696 602 829 661 fide
853 603 1127 679 quopiam
1153 620 1282 657 vera
1329 601 1395 657 fit
1441 605 1645 681 opinio
1689 607 1965 681 quoniam
2019 606 2192 665 sedet
2229 642 2258 677 9

466 704 596 741 eum
622 682 814 741 sedere
838 680 1057 755 neceffe
1080 679 1155 738 est
1180 700 1223 753 .·,
1244 678 1317 737 In.
1336 698 1580 760 utroque
1603 685 1783 761 igitur
1805 684 2098 743 neceffitas
2151 692 2266 743 in.-

466 762 545 821 est
579 786 592 820 :
639 766 697 819 in
724 762 831 821 hoc
859 762 1097 841 quidem
1123 758 1355 819 sedendi
1378 797 1400 831 9
1441 781 1505 819 at
1530 784 1666 821 vero
1708 766 1768 821 in
1808 765 1991 822 altero
2013 770 2268 825 verita-

465 849 550 901 tis
574 883 588 897 .
636 845 743 902 Sed
773 863 889 901 non
936 844 1145 911 iccirco
1168 840 1412 919 quisque
1456 841 1612 903 sedet
1633 879 1654 914 9
1704 851 1974 923 quoniam
1997 866 2128 903 vera
2153 846 2270 917 est

465 926 704 1001 opinio:
748 920 843 979 sed
866 922 979 980 haec
1023 925 1221 1000 potius
1249 942 1382 980 vera
1425 922 1550 995 est,
1593 929 1872 1003 quoniam
1910 929 2263 1005 quempiam

462 1004 655 1069 sedete
699 1002 1007 1082 praeceffit.
1070 1000 1166 1061 Ita
1213 1023 1344 1061 cum
1387 1004 1576 1062 cauffa
1624 1009 1896 1065 veritatis
1939 1026 2008 1065 ex
2049 1006 2252 1073 altera

463 1101 628 1165 parte
650 1084 919 1162 procedat
946 1118 967 1154 9
1010 1080 1155 1147 inest
1179 1099 1377 1141 tamen
1405 1090 1730 1151 communis
1762 1091 1821 1143 in
1867 1104 2109 1166 utraque
2135 1107 2256 1145 ne-

460 1166 681 1229 cesfitas
704 1208 721 1223 .
765 1165 991 1223 Similia
1016 1164 1088 1221 de
1110 1167 1482 1239 providentia
1510 1202 1531 1236 9
1575 1164 1900 1247 futurisque
1937 1168 2104 1226 rebus
2150 1188 2259 1225 ra-

458 1251 737 1319 tiocinari
762 1260 1026 1325 oportet.
1072 1243 1232 1303 Nam
1260 1249 1438 1305 etiam
1485 1246 1783 1306 si·iccirco
1824 1252 2102 1327 quoniam
2146 1246 2256 1306 fu·-

464 1351 591 1389 tura
617 1326 746 1387 sunt
772 1363 795 1399 9
839 1327 1256 1404 providentur:
1302 1347 1419 1384 non
1468 1349 1602 1386 veto
1648 1328 1779 1387 ideo
1808 1334 2083 1407 quoniam
2107 1349 2256 1406 pro-

465 1412 781 1479 videntur,
822 1411 1101 1464 eveniunt
1143 1428 1157 1463 :
1203 1407 1592 1467 nihilominus
1640 1425 1836 1468 tamen
1882 1429 1914 1466 a
1959 1406 2096 1467 Deo
2140 1410 2250 1467 vel

458 1507 700 1551 ‘ventura
746 1489 1037 1564 provideri
1084 1522 1107 1557 9
1151 1488 1248 1545 vel
1291 1487 1517 1563 provisa
1574 1492 1808 1546 evenire
1847 1486 2070 1546 necesse
2113 1488 2248 1561 est:

458 1571 619 1650 quod
640 1570 711 1625 ad
758 1567 1155 1646 perimendam
1196 1567 1426 1625 arbitrii
1471 1565 1803 1623 libertatem
1849 1565 2040 1625 solum
2087 1566 2258 1646 satis

466 1651 547 1712 est
571 1691 586 1707 .
628 1648 757 1727 Jam
782 1669 920 1708 vero
967 1668 1149 1728 quam
1192 1644 1695 1729 praeposterumest
1733 1663 1802 1705 ut
1835 1664 2052 1705 aeternae
2075 1666 2264 1725 ,ιη-ε,

456 1733 713 1795 scientiae
735 1731 1155 1809 temporalium
1197 1750 1389 1801 rernm
1409 1748 1651 1790 eventus
1693 1726 1879 1787 cauffa
1923 1727 2035 1787 effe
2075 1726 2258 1787 dica-

465 1815 608 1876 tur?
654 1815 816 1902 Qiid
840 1812 1137 1884 estantem
1182 1813 1347 1873 aliud
1389 1813 1708 1882 arbitrari,
1753 1810 1882 1870 ideo
1925 1807 2126 1870 Deum
2147 1806 2252 1870 fu-

467 1915 599 1956 tura
626 1934 649 1968 9
691 1903 969 1978 quoniam
992 1897 1125 1957 sunt
1168 1913 1452 1954 eventura
1479 1932 1500 1966 9
1545 1892 1848 1972 providere
1869 1928 1891 1964 9
1933 1911 2106 1971 quam
2131 1910 2253 1969 pu-

468 1998 593 2040 tare
618 1999 739 2058 quae
760 1981 904 2037 olim
948 1979 1281 2037 acciderunt
1305 2011 1328 2045 9
1370 1976 1622 2032 caussam
1669 1972 1897 2031 summae
1943 1973 2105 2031 illius
2128 1971 2249 2034 effe

470 2060 897 2137 providentiae?
944 2057 1202 2124 Adhaec9
1243 2051 1412 2108 ficuti
1450 2073 1584 2110 cum
1669 2053 1768 2109 uid
1814 2049 1927 2110 effe
1969 2051 2087 2112 scio
2114 2089 2137 2124 9
2179 2053 2248 2113 id

467 2137 654 2216 ipsum
676 2134 796 2192 esse
816 2133 1043 2190 necesse
1066 2129 1144 2188 est
1165 2150 1181 2184 ε
1205 2133 1290 2184 ita
1315 2148 1448 2186 cum
1474 2129 1614 2207 quid
1669 2145 1898 2188 uturum
1923 2137 2066 2192 novi
2089 2169 2114 2204 9
2178 2137 2247 2194 id

466 2214 653 2294 ipsum
668 2211 936 2272 futurum
959 2210 1078 2268 esse
1099 2206 1329 2267 necesse
1371 2206 1454 2266 est
1479 2250 1493 2264 .
1514 2209 1630 2278 xSic
1653 2207 1720 2270 fit
1767 2212 1952 2290 igitur
1976 2232 2041 2274 ut
2063 2235 2247 2274 even-

466 2316 561 2355 tus
584 2290 844 2373 praescitae
866 2296 951 2350 nei
974 2307 1224 2370 nequeat
1247 2293 1460 2349 evitari
1484 2331 1499 2347 .
1544 2287 1837 2350 Postremo
1862 2292 1902 2352 ss
1940 2294 2083 2373 quid
2125 2295 2246 2354 ali-

468 2382 598 2457 quis
640 2371 917 2432 aliorsum
958 2390 1134 2452 atque
1177 2370 1294 2434 sese
1359 2391 1446 2431 res
1489 2371 1665 2432 habet
1703 2406 1726 2445 9
1767 2372 2132 2447 existimet,
2174 2377 2242 2436 id

466 2479 587 2520 non
608 2454 781 2518 modo
824 2455 1062 2512 scientia
1098 2475 1216 2514 non
1264 2451 1341 2512 est
1369 2490 1390 2524 9
1433 2451 1526 2514 sed
1553 2452 1632 2512 est
1675 2457 1878 2533 opinio
1925 2454 2156 2528 fallax,
2201 2478 2236 2515 a

468 2539 719 2611 scientia
745 2539 988 2601 veritate
1009 2535 1185 2616 longe
1206 2532 1434 2596 diversa
1457 2576 1474 2594 .
1515 2537 1714 2616 Quare
1737 2534 1938 2616 siquid
1965 2541 2044 2596 ita
2071 2535 2232 2596 futu-

470 2644 599 2682 rum
620 2618 700 2681 est
723 2657 744 2691 9
786 2634 850 2678 ut
867 2617 991 2696 ejus
1034 2634 1223 2676 certus
1249 2651 1274 2688 9
1313 2637 1381 2676 ac
1403 2619 1756 2678 necessarius
1802 2637 1918 2677 non
1961 2616 2032 2678 fit
2059 2637 2238 2695 even-

470 2723 615 2773 tus,
655 2702 717 2760 id
759 2716 1101 2760 eventurum
1140 2695 1263 2755 esse
1309 2696 1554 2776 prasciri
1600 2701 1703 2776 qui
1746 2699 2011 2778 poterit?
2073 2699 2232 2768 Sicut

468 2790 633 2846 enim
655 2783 893 2843 scientia
919 2777 1037 2859 ipsa
1062 2777 1417 2856 impermista
1443 2777 1526 2840 est
1547 2775 1829 2840 falsitati:
1874 2783 1958 2840 ita
1996 2781 2055 2839 id
2077 2782 2236 2860 quod

472 2865 547 2924 ab
588 2883 653 2920 ea
698 2867 1070 2941 concipitur,
1109 2855 1229 2918 esse
1267 2860 1447 2930 aliter
1485 2878 1662 2941 atque
1703 2865 2030 2939 concipitur
2068 2895 2092 2930 9
2131 2881 2238 2920 ne·

473 2946 603 3024 quit
626 2983 641 2999 .
707 2941 794 3001 Ea
856 2961 1107 3026 namque
1146 2935 1342 3000 caussa
1385 2939 1467 3008 est
1506 2964 1606 3003 cur
1647 2942 1951 3004 mendacio
1989 2941 2230 3004 scientia

471 3040 663 3088 carcat
682 3058 717 3098 9-
750 3024 903 3102 quod
927 3023 1083 3085 scita
1128 3041 1249 3083 rem
1273 3040 1562 3101 quamque
1584 3022 1790 3084 habete
1831 3021 2054 3086 necesse
2091 3019 2172 3080 est
2197 3059 2224 3098 9

2057 3106 2150 3162 uti
