2475 3723
525 185 633 226 m
713 161 1190 227 noETHu
1250 163 1393 226 DE
1452 159 1911 241 coNsoL.

435 305 564 367 qua
588 304 658 344 ex
685 281 926 342 arbitrio
963 283 1245 338 eveniunt
1268 295 1291 350 ·‚
1333 271 1421 339 ad'
1452 278 1839 340 necessitatem
1886 299 2165 364 coguntur
2184 285 2219 343 ἓ

437 367 699 430 Minime
727 403 742 418 .
788 362 1126 420 Statuamus
1155 364 1365 419 iterum
1410 361 1522 420 effe
1553 395 1574 435 2
1613 359 1706 418 sed
1730 361 1884 420 nihil
1930 365 2097 426 rebus
2116 386 2222 424 ne-

437 445 707 510 eeffitatis
731 443 1034 520 injungere
1065 460 1085 509 ς
1129 439 1438 510 manebit,
1482 457 1548 498 ut
1569 445 1781 519 opinor
1803 477 1826 510 ‚
1870 445 2073 504 eadem
2116 467 2221 506 vo-

375 543 381 553 ·
437 526 688 589 luntatis
712 523 932 600 integra
961 537 1138 598 atque
1159 518 1430 577 absoluta
1458 519 1701 577 libertas
1723 559 1739 576 .
1788 522 1895 580 Sed
1920 527 2223 601 praescien-

435 609 520 668 tia
548 638 573 673 ‚
615 604 844 678 inquies
866 634 888 670 ‚
932 599 1159 658 tametfi
1189 597 1407 657 futuris
1430 601 1742 658 eveniendi
1767 605 2067 664 neceffitas
2096 629 2223 668 non

427 681 558 753 est,
599 681 818 760 {ignum
863 698 1060 740 tamen
1105 677 1186 738 est
1229 715 1251 750 ‚
1295 679 1606 740 neceffario
1650 701 1718 740 ea
1758 681 1873 742 effe
1916 704 2165 745 ventura
2204 727 2227 746 .

429 761 569 824 Hoc
616 766 798 842 igitur
824 763 998 820 modo
1022 765 1267 833 ‚.etiam
1292 761 1329 818 fi
1349 765 1751 841 -praecognitio
1799 784 1919 822 non
1962 763 2163 826 fuiffet
2197 803 2233 839 5.

429 843 773 905 necessarios
797 843 1127 902 futurorum
1172 845 1367 900 exitus
1392 842 1502 902 effe
1544 841 1831 902 constaret
1853 886 1869 900 .
1911 845 2106 905 Omne
2126 864 2239 908 et-

427 930 596 986 enim
619 925 838 1004 fignum
865 961 886 995 ,
930 942 1159 983 tantum
1183 923 1326 1001 quid
1350 924 1421 982 fit
1442 961 1465 992 ‚
1510 921 1765 984 ostendit
1786 962 1809 996 ‚
1832 947 1949 984 non
1974 948 2110 986 vero
2132 927 2235 986 ef-

425 1005 557 1070 ficit
579 1007 735 1086 quod
759 1005 1016 1085 designat
1039 1046 1054 1061 .
1101 1008 1299 1100 Quare
1334 1005 1846 1066 demonstrandum
1891 1010 2049 1084 prius
2090 1005 2167 1068 est
2196 1044 2223 1078 ,

427 1089 586 1150 nihil
611 1109 728 1146 non
757 1108 827 1146 ex
853 1085 1181 1144 neceffitate
1205 1090 1545 1168 contingere
1570 1124 1593 1158 ‚
1618 1106 1681 1146 ut
1705 1094 2122 1166 praenotionem
2145 1088 2221 1147 fi-

427 1189 611 1250 gnum
637 1165 750 1227 effe
769 1169 940 1245 hujus
963 1167 1310 1226 neceffitatis
1333 1188 1613 1246 appareat
1635 1208 1651 1224 .
1699 1169 1995 1250 Alioquin
2040 1171 2079 1230 fi
2103 1172 2223 1230 haee

431 1250 600 1310 nulla
627 1247 707 1309 est
729 1285 754 1320 ‚
796 1270 902 1308 nec
925 1248 1032 1306 illa
1062 1249 1297 1326 quidem
1321 1252 1446 1328 ejus
1490 1253 1573 1310 rei
1618 1250 1837 1329 fignum
1864 1254 2081 1328 poterit
2105 1251 2223 1314 effe

477 1351 556 1388 απ
600 1351 716 1389 non
758 1329 840 1390 est
867 1371 883 1385 .
945 1328 1071 1406 Jam
1135 1350 1273 1389 vero
1325 1329 1729 1408 probationem
1775 1331 1938 1390 firma
1991 1336 2219 1391 ratione

431 1353 741 1472 abnuam
765 1409 988 1470 constat
1013 1445 1034 1479 ‚
1079 1431 1194 1468 non
1250 1430 1320 1469 ex
1360 1411 1533 1491 signis
1561 1447 1582 1481 ‚
1624 1433 1812 1490 neque
1859 1416 2069 1490 petitis
2110 1433 2219 1470 ex-

430 1489 715 1554 trinsecus
738 1497 1094 1570 argumentis
1120 1526 1141 1560 ,
1179 1489 1274 1548 sed
1298 1511 1368 1549 ex
1391 1491 1877 1550 convenientibus
1901 1529 1921 1562 ,
1966 1492 2223 1552 necessa-

435 1569 656 1650 riisque
697 1571 896 1632 cauffis
938 1571 1050 1632 effe
1071 1571 1421 1630 ducendam.
1476 1572 1583 1628 Sed
1607 1575 1709 1650 qni
1752 1570 1877 1629 fieri
1919 1571 2107 1649 potest
2148 1589 2223 1631 ut

427 1673 496 1713 ea
525 1673 642 1710 non
667 1656 1018 1730 proveniant
1049 1673 1170 1732 quae
1191 1649 1388 1711 futura
1410 1649 1525 1710 effe
1548 1652 1925 1728 providentur
1952 1651 1975 1706 ?
2022 1651 2221 1736 Qafi.

429 1753 573 1794 vero
593 1755 700 1794 nos
721 1755 784 1794 ea
812 1755 934 1816 quae
957 1734 1331 1815 providentia
1354 1730 1549 1791 futura
1574 1731 1686 1790 etse
1711 1730 2011 1808 praenoscit
2035 1767 2057 1802 ‚
2087 1754 2216 1792 non

431 1831 713 1878 eventura
759 1818 1101 1878 credamus:
1144 1836 1351 1875 aenon
1398 1814 1552 1873 illud
1577 1815 1772 1892 potius
1812 1811 2161 1873 arbitremur
2186 1849 2217 1885 ,

433 1895 578 1959 licet
604 1904 884 1960 eveniant
911 1935 933 1972 ‚
975 1898 1126 1957 nihil
1151 1915 1348 1955 tamen
1376 1914 1441 1955 ut
1479 1899 1783 1957 evenirent
1806 1930 1828 1965 ‚
1872 1893 1958 1953 sui
2002 1914 2213 1953 natura

433 1979 782 2041 neceffitatis
807 1978 1102 2041 habuisse:
1145 1979 1302 2052 quod
1327 1978 1465 2035 hine
1488 1976 1664 2035 facile
1706 1978 2026 2053 perpendas
2074 1977 2214 2034 lice-

433 2060 522 2119 bit
549 2100 563 2117 .
609 2061 783 2119 Plura
829 2060 1216 2120 etenim-dum
1258 2056 1452 2124 fiunt,
1496 2054 1745 2131 subjeaa
1796 2056 1983 2114 oculis
2019 2060 2216 2115 intue-

431 2160 600 2199 mur:
642 2157 710 2196 ut
753 2159 818 2195 ea
865 2156 983 2214 quae
1026 2141 1086 2191 in
1113 2132 1413 2210 quadrigis
1436 2133 1857 2204 moderandis,
1900 2154 2077 2216 atque
2102 2138 2212 2194 fle-

433 2219 656 2279 &endis
679 2215 870 2275 facere
893 2213 1220 2292 speetantur
1262 2216 1509 2291 aurigae:
1555 2230 1731 2293 atque
1768 2216 1842 2275 ad
1890 2215 2045 2275 hunc
2084 2236 2212 2274 mo-

429 2301 566 2358 dum
587 2314 773 2353 cetera
802 2338 818 2352 .
861 2293 1026 2354 Num
1070 2296 1253 2373 igitur
1293 2294 1611 2373 quidquam
1662 2296 1903 2355 illorum
1952 2301 2033 2355 ita
2082 2296 2210 2355 fieri

431 2375 724 2439 neceffitas
747 2376 871 2434 ulla
895 2376 1204 2455 compellit
1227 2377 1255 2431 Ρ
1282 2375 1545 2435 Minime
1568 2416 1583 2431 .
1630 2374 1857 2436 Frustra
1883 2380 2039 2435 enim
2064 2377 2203 2435 esset

431 2461 576 2520 artis
597 2456 829 2517 effessius
853 2492 875 2529 ‚
899 2456 936 2515 si
961 2460 1156 2516 omnia
1183 2456 1379 2517 cania
1406 2476 1777 2517 moverentur
1800 2502 1814 2517 .
1860 2462 2001 2551 Qae
2026 2462 2210 2537 igitur

431 2560 564 2603 eum
587 2539 783 2611 fiunt,
821 2555 1016 2598 carent
1057 2538 1361 2599 exsistendi
1384 2540 1711 2601 necestitate
1735 2575 1758 2612 ,
1798 2542 1997 2597 eadem
2040 2543 2201 2618 prius

435 2642 610 2703 quam
634 2622 780 2682 fiant
805 2658 828 2693 ‚
869 2620 984 2679 fine
1005 2621 1334 2681 neceffitate
1375 2620 1571 2681 futura
1618 2619 1749 2679 sunt
1774 2661 1789 2676 .
1834 2624 2033 2703 Quare
2074 2617 2209 2678 sune

480 2706 698 2765 uaedam
747 2718 1021 2765 eventura
1065 2719 1311 2777 quorum
1342 2707 1547 2760 exitus
1592 2701 1667 2760 ab
1690 2706 1851 2759 omni
1886 2700 2211 2761 necestitate

435 2724 506 2847 gt
525 2784 824 2845 absolutus
847 2826 862 2841 .
907 2781 1065 2843 Nam
1091 2779 1242 2839 illud
1265 2784 1497 2861 quidem
1544 2782 1775 2841 nullum
1819 2782 2068 2842 arbitror
2088 2778 2203 2836 effe

438 2864 724 2927 diaurum
750 2902 772 2937 ‚
819 2866 972 2946 quod
993 2879 1114 2943 qua
1141 2883 1293 2920 nunc
1316 2864 1465 2923 fiunt
1488 2900 1510 2935 ‚
1553 2868 1711 2940 prius
1735 2884 1907 2943 quam
1950 2862 2150 2920 fierent
2179 2895 2206 2929 ,

435 2962 712 3006 eventura
757 2968 874 3005 non
921 2945 1178 3009 fuerint.
1217 2940 1371 3002 -Haec
1408 2948 1589 3026 igitur
1630 2947 1810 3003 etiam
1855 2942 2205 3022 praecognita

429 3026 652 3088 liberos
691 3026 908 3085 habent
950 3043 1196 3089 eventus
1217 3064 1234 3083 .
1278 3022 1437 3083 Nam
1488 3024 1629 3085 ficut
1670 3022 1911 3085 scientia
1956 3020 2207 3103 praesen·-

1970 3121 2127 3164 tium
