2475 3723
488 162 575 223 28·
706 154 1177 217 ssoETHu
1236 154 1378 215 DE
1437 146 1902 215 CONSOLx

410 276 809 357 prosperitatis
852 293 990 330 meat
1034 272 1455 333 velociffimum
1479 270 1724 331 'cursum
1753 314 1767 328 .
1815 273 1924 335 Sed
1969 272 2074 341 hoc
2089 270 2192 332 est,

414 356 565 439 quod
589 354 937 411 recolentem
983 376 1077 413 me
1100 355 1500 415 vehementius
1541 359 1743 431 coquit
1767 352 1986 413 ..Nam
2011 359 2069 412 in
2109 378 2176 411 o-

412 438 534 497 mni
555 432 899 491 adversitate
918 432 1162 493 fortunae
1206 434 1662 507 infelicissimum
1685 454 1866 512 genus
1887 436 1970 494 est
1993 433 2176 494 infor-

412 515 563 573 tunii
586 548 607 583 ‚
650 510 820 570 fuiss'e
844 512 1073 574 felicem
1098 556 1115 573 .
1159 516 1268 573 Sed
1313 516 1466 593 quod
1489 533 1553 573 tu
1575 549 1596 584 ‚
1646 517 1836 592 inquit
1862 549 1882 585 ,
1925 513 2084 573 falsa
2117 538 2186 573 o-

408 597 671 671 pinionis
714 592 1061 671 supplicium
1085 597 1201 654 luis
1224 632 1250 667 ‚
1293 599 1351 653 id
1395 595 1561 654 rebus
1583 598 1706 673 jure
1731 602 2019 671 imputare
2055 618 2177 654 non

408 672 577 753 poffis
598 713 615 730 .
661 672 818 731 Nam
842 674 881 733 sr
904 694 963 735 te
1006 678 1115 736 hoc
1132 682 1315 735 inane
1337 698 1550 735 nomen
1577 678 1829 734 fortuita
1873 673 2184 735 felicitatis

405 773 609 813 movet
635 790 656 827 ‚
698 776 871 835 quam
915 752 1187 837 plurimis
1212 794 1233 830 ‚
1275 756 1664 835 maximisque
1706 756 1958 815 abundes
1979 791 2002 826 ,
2057 776 2186 813 me-

404 856 540 895 cum
562 855 791 915 reputes
814 836 954 897 licet
978 880 994 895 .
1036 836 1229 919 Igitur
1253 840 1290 898 si
1311 840 1468 919 quod
1493 842 1553 895 in
1600 842 1762 896 omni
1785 836 2026 898 for-tuna
2047 854 2206 895 cen·-

406 916 473 975 su
498 917 953 995 pretiofiffimum
994 921 1314 1000 poffidebas
1339 958 1360 991 ‚
1406 918 1602 978 ici-tibi
1625 919 1915 1009 ‹ri-vinitas
1940 915 2198 975 illaesum-

408 998 1100 1081 adhuc,inviolatumque
1124 1002 1408 1083 servatur,
1433 1005 1648 1081 poteris
1675 1021 1746 1058 ue
1769 999 2012 1058 meliora
2039 1019 2188 1078 quae-

410 1100 525 1159 que
549 1082 807 1140 retinens
833 1116 853 1154 ‚
893 1084 969 1141 de
992 1081 1318 1143 infortunio
1341 1086 1459 1161 jure
1482 1080 1768 1142 caussari?
1812 1080 2004 1158 Atqui
2027 1084 2186 1159 viget

414 1160 774 1233 incolumis,
819 1164 970 1222 illud
1020 1165 1507 1243 pretiofiffimum„
1542 1167 1767 1243 generis
1810 1163 2048 1220 humani
2085 1160 2186 1217 de·-

410 1263 511 1301 cus
534 1279 557 1313 ,
582 1243 957 1319 Symmachus
980 1244 1137 1305 socer
1162 1268 1180 1315 3
1213 1238 1282 1303 ’δι’
1307 1246 1458 1326 quod
1481 1250 1614 1305 vitae
1643 1248 1832 1323 pretio
1855 1265 1971 1301 non
1998 1240 2186 1320 segnis

412 1343 631 1381 emeres
657 1359 677 1393 ,
724 1328 815 1382 vir
836 1343 994 1384 totus
1015 1346 1086 1384 ex
1108 1326 1392 1403 sapientia
1419 1363 1440 1396 ‚
1485 1323 1811 1383 virtutibus
1845 1346 1915 1381 ue
1957 1322 2140 1381 fafiius
2163 1355 2185 1390 5

412 1400 645 1460 suarum
685 1402 912 1463 securus
937 1441 959 1474 ,
1001 1410 1117 1463 tuis
1141 1405 1471 1485 ingemiscit
1497 1408 1725 1482 injuriis
1749 1445 1763 1458 .
1803 1346 1999 1462 qVivit
2043 1420 2188 1459 uxor

410 1484 649 1561 ingenio
692 1483 943 1541 modesta
973 1521 994 1555 ,
1037 1487 1332 1561 pudicitie
1374 1486 1590 1563 pudore
1615 1483 1948 1560 praecellens
1971 1516 1992 1552 ‚
2036 1484 2092 1538 &
2124 1499 2189 1539 ut

408 1582 613 1621 omnes
650 1564 773 1643 ejus
815 1564 980 1623 dotes
1040 1560 1310 1649 breviter·
1335 1566 1633 1625 includam
1676 1599 1698 1634 ‚
1741 1567 1896 1641 patri
1935 1562 2140 1620 similis
2163 1598 2182 1615 .

413 1639 593 1701 Vivit
616 1677 637 1714 ‚
680 1648 917 1724 inquam
943 1681 964 1717 ‚
1006 1646 1232 1727 tibique
1255 1664 1486 1707 tautum
1513 1649 1646 1704 vitae
1669 1646 1835 1723 hujus
1858 1641 2032 1704 exosa
2069 1640 2188 1721 spi-

412 1726 595 1783 ritum
639 1722 827 1785 servat
851 1768 865 1785 .
908 1731 1065 1825 Qo.
1087 1750 1205 1787 uno
1251 1728 1600 1789 felicitatem
1643 1729 1832 1784 minui
1877 1744 2041 1787 tuam
2091 1722 2187 1781 vel

416 1804 538 1885 ipsa
562 1808 931 1870 concesserim
956 1849 979 1886 ,
1021 1814 1109 1873 tui
1132 1811 1407 1872 desiderio
1444 1810 1704 1870 lacrimis
1746 1829 1812 1868 ac
1856 1808 2058 1868 dolote
2099 1824 2191 1864 ta·-

419 1887 599 1950 bescit
624 1931 639 1948 .
682 1894 847 1988 Qid
870 1895 1061 1954 dicam
1086 1894 1300 1954 liberos
1324 1893 1648 1954 consulares
1674 1928 1695 1963 ,
1737 1912 1980 1970 quorum
2025 1891 2138 1967 jam
2168 1922 2188 1957 ,

418 1988 485 2028 ut
510 1974 569 2028 in
596 1972 653 2030 id
676 1978 861 2033 aetatis
884 1980 1076 2054 pueris
1099 2012 1122 2047 ‚
1168 1979 1261 2034 vel
1289 1979 1436 2033 aviti
1465 2011 1485 2042 ‚
1523 1976 1615 2032 vel
1649 1978 1877 2050 paterni
1901 1971 2186 2049 specimen

416 2051 608 2108 elucet
631 2055 857 2129 ingenii
879 2057 903 2111 ?
948 2056 1101 2112 Cum
1126 2058 1306 2128 igitur
1331 2058 1606 2128 praecipua
1633 2051 1699 2107 fit
1723 2052 2072 2109 mortalibus
2099 2055 2191 2107 vi-

418 2147 489 2186 tae
502 2147 631 2184 cura
658 2134 997 2202 retinendae,
1020 2155 1055 2188 o
1077 2150 1159 2199 te,
1190 2130 1227 2186 st
1253 2150 1350 2187 tua
1381 2130 1526 2187 bona
1551 2127 1859 2207 cognoscas
1879 2166 1900 2198 ,
1929 2127 2189 2190 felicem!

416 2211 510 2266 cui
536 2205 846 2283 suppetunt
868 2214 1069 2268 etiam‘
1092 2231 1248 2267 nunc
1294 2231 1412 2289 quae
1437 2214 1560 2269 vita
1603 2231 1776 2268 nemo
1799 2211 2030 2270 dubitat
2073 2211 2188 2268 effe

416 2291 637 2348 cariora
662 2328 678 2343 .
722 2290 923 2384 Qare
943 2290 1081 2351 sicca
1104 2293 1223 2374 jam
1249 2292 1520 2351 lacrimas
1546 2333 1559 2348 .
1607 2289 1886 2350 Nondum
1915 2290 1995 2350 est
2015 2291 2094 2348 ad
2121 2312 2190 2348 u-

414 2389 557 2428 num
580 2388 779 2427 omnes
803 2371 974 2431 exosa
999 2371 1233 2432 fortuna
1244 2395 1372 2446 ‚nec
1393 2374 1506 2433 tibi
1529 2377 1779 2434 nimium
1809 2373 2007 2433 valida
2036 2390 2186 2431 tem-

418 2447 603 2529 pestas
626 2450 891 2511 incubuit
918 2473 937 2522 3
984 2460 1262 2534 quoniam
1290 2475 1520 2516 tenaces
1547 2455 1761 2514 herent
1780 2476 1999 2515 ancorae
2023 2491 2045 2526 ‚
2069 2475 2190 2534 quae

377 2592 383 2598 ,
414 2553 525 2592 nec
547 2530 837 2612 praesentis
861 2531 1165 2611 solamen,
1203 2559 1310 2598 nec
1333 2537 1516 2598 futuri
1542 2535 1696 2618 spem
1721 2542 2000 2617 temporis
2023 2535 2186 2595 abes-

418 2613 476 2673 se
497 2617 795 2694 patiantur
816 2655 833 2670 .
882 2613 961 2674 Et
983 2617 1261 2691 haereant,
1287 2626 1550 2698 inquam,
1577 2641 1778 2698 precor
1801 2641 1817 2678 t
1862 2620 1990 2678 illis
2017 2638 2184 2677 nam-

418 2717 530 2776 que
552 2695 921 2755 manentibus
944 2733 965 2770 ‚
1008 2716 1321 2780 utcumque
1347 2701 1400 2758 se
1446 2722 1533 2760 res
1577 2701 1828 2761 habeant
1853 2739 1876 2774 ‚
1919 2697 2180 2760 enatabi-

416 2798 546 2837 mus
570 2817 587 2834 .
614 2778 721 2836 Sed
745 2780 1221 2857 quantum-decus
1243 2785 1606 2840 ornamentis
1629 2782 1836 2842 nostris
1861 2776 2180 2846 decesserit,

416 2860 581 2943 vicies
602 2899 618 2914 .
646 2856 743 2917 Et
769 2859 874 2919 illa
900 2897 922 2935 ,
963 2867 1364 2940 promovimus
1389 2899 1409 2934 ,
1435 2866 1628 2942 inquit
1651 2899 1673 2934 ‚
1697 2861 2130 2942 aliquantulum
2154 2894 2176 2928 ‚

414 2940 457 2998 fi
480 2959 538 3000 te
558 2939 815 2998 nondum
859 2947 1041 3003 totius
1080 2941 1383 3001 tuaetsortis
1407 2947 1568 3022 piget
1591 2984 1608 3001 .
1656 2944 1762 3001 Sed
1785 2943 2024 3001 delicias
2047 2955 2174 2998 tuas

416 3017 564 3082 ferre
603 3041 721 3082 non
764 3023 987 3103 pulsum
1010 3060 1032 3100 ,
1074 3022 1385 3104 quitabeffe
1424 3024 1652 3103 aliquid
1676 3041 1782 3081 tuae
1822 3021 2172 3083 beatitudini

1963 3119 2084 3160 tam
