2475 3723
477 159 556 230 γε
697 147 1176 216 norrun
1237 147 1358 210 DE
1420 147 1873 212 coNsoL.

407 277 458 334 li
481 313 504 347 ‚
544 276 680 334 boni
701 270 948 329 fimiitas
971 283 1108 326 nota
1133 262 1214 327 est
1237 310 1255 325 .
1298 265 1407 327 seu
1428 272 1515 327 uti
1539 267 1737 326 nostrae
1782 269 2073 332 senten'tiae
2093 269 2169 332 Ε-

409 361 508 418 des
527 349 912 412 abundantior
953 347 1022 406 fit
1047 382 1068 419 ‚
1108 349 1394 408 alterutro
1436 347 1591 407 calle
1622 351 1930 428 procedam
1956 390 1977 423 ,
2020 375 2171 412 nunc

409 441 545 498 hinc
587 467 610 503 ,
651 449 806 488 nunc
869 431 1010 498 inde„
1049 427 1338 506 proposita
1378 427 1733 488 confirmans
1758 469 1773 484 .
1836 429 2003 491 Duo‘
2042 434 2173 495 snut

407 514 613 596 quibus
633 510 824 568 omnis
845 510 1228 568 humanorum
1250 505 1479 567 ael-unm
1502 507 1728 567 constat
1746 509 2031 584 effeetus,
2068 533 2182 572 vo·-

409 599 604 654 luntas
631 590 856 649 scilicet
879 624 901 659 ‚
941 609 1010 648 ae
1029 583 1279 664 potestas
1303 611 1316 645 z
1360 609 1607 666 quorum
1632 590 1669 647 fi
1694 590 2045 651 alterutrum
2076 597 2181 652 de-

405 677 472 737 fit
495 710 518 744 ‚
559 667 714 730 nibil
736 668 816 728 est
839 669 990 747 quod
1026 668 1313 744 explicari
1336 687 1509 749 queat
1528 679 1553 727 “.“
1596 667 1931 731 Deficiente
1951 679 2175 731 etenim

409 755 759 823 voluntate,
801 771 878 810 ne
915 771 947 830 a
989 749 1250 828 greditnr
1288 752 1525 829 quidem
1572 749 1815 831 quisque
1854 754 2013 833 qnod
2054 774 2173 810 nou

407 836 578 896 vult:
621 831 747 893 atsi
791 849 923 911 pote
976 851 1036 890 as
1078 829 1222 890 absit
1250 868 1273 902 ,
1316 832 1593 891 voluntas
1631 829 1845 892 frustra·
1884 829 1989 892 fit.
2037 836 2175 926 Qo

407 919 477 978 fit
537 933 604 976 ut
659 914 700 974 si
746 936 942 994 quem.
963 913 1176 974 videas.
1209 911 1371 972 velle
1424 913 1672 993 adipisci
1715 912 1869 995 quod
1932 911 2179 972 niinime
2204 926 2213 932 ’

409 993 806 1078 adipiscatur,
851 997 985 1056 huie
1025 991 1335 1054 obtinendi
1378 998 1531 1074 quod
1576 993 1831 1055 voluerit
1877 1029 1900 1069 ,
1940 993 2185 1055 defuisse

416 1080 744 1141 valentiam
781 1077 1051 1137 dubitare
1081 1097 1212 1134 -non
1255 1075 1461 1155 poffis.
1505 1074 1880 1155 Perspicuum
1925 1074 2049 1150 est,
2089 1081 2184 1134 in·-

417 1181 591 1245 quam
614 1197 636 1234 ,
679 1181 788 1219 nee
805 1159 934 1218 ullo
955 1156 1129 1216 modo
1151 1163 1347 1237 negari
1380 1157 1567 1236 potest
1592 1199 1607 1213 .
1652 1163 1847 1242 Qem
1873 1179 2007 1218 vero
2049 1157 2189 1217 effe-

384 1241 554 1306 'ciss‘e
595 1239 750 1320 quod
773 1240 1074 1308 voluerit,
1116 1240 1361 1311 videas,
1402 1259 1543 1298 num
1586 1241 1763 1300 etiam
1790 1237 2036 1318 potuiffe
2076 1239 2188 1297 du·-

415 1323 679 1385 bitabis?
723 1321 1020 1379 Minime·
1065 1322 1247 1402 Quod
1270 1341 1407 1378 vero
1450 1319 1693 1398 quisque
1738 1317 1969 1397 potest,
2015 1327 2073 1379 in
2118 1333 2185 1378 eo

419 1405 650 1464 validus
675 1423 696 1470 ς
741 1401 892 1478 quod
917 1419 1054 1455 veno
1075 1417 1190 1456 non
1215 1399 1401 1475 potest
1426 1437 1445 1469 ‚
1490 1405 1550 1456 in
1579 1402 1685 1458 hoc
1730 1400 2048 1462 imbecillis
2070 1399 2183 1458 effe

415 1481 727 1544 censendus
746 1478 828 1537 est
850 1519 867 1533 .
910 1475 1142 1547 Fateor,
1167 1482 1407 1554 inquam
1430 1519 1447 1534 .
1492 1479 1829 1536 Meministi
1859 1499 1931 1536 ne
1956 1481 2136 1558 igitur
2159 1517 2183 1550 ,

419 1566 613 1643 inquit
639 1595 660 1630 ,
703 1556 1086 1636 superioribus
1109 1556 1437 1615 rationibus
1460 1555 1573 1616 esse
1592 1557 1909 1618 οὸΙΙεᾶιιῐη
1932 1595 1953 1630 ,
1986 1565 2182 1618 inten-

421 1650 642 1704 tionem
665 1659 896 1698 omnem
921 1635 1253 1699 voluntaria
1291 1633 1557 1696 huniam
1578 1673 1602 1710 ς
1642 1654 1769 1718 quae
1788 1639 2025 1699 diversis
2063 1639 2207 1698 stu·-

421 1727 537 1784 diis
557 1726 752 1803 agitur
773 1757 797 1793 ,
837 1720 910 1780 ad
934 1718 1356 1779 beatitudinem
1382 1718 1696 1779 festinare?
1741 1716 2002 1780 Memini
2028 1758 2051 1792 ,
2094 1725 2188 1778 iu-

423 1825 624 1888 quam,
649 1804 709 1863 id
729 1823 956 1884 quoque
979 1795 1092 1863 effe
1111 1800 1567 1861 demonstratum
1598 1841 1614 1858 .
1658 1798 1819 1863 Num
1838 1802 2188 1876 recordaris,

424 1888 848 1950 beatitudinem
872 1882 1058 1964 ipsum
1079 1880 1190 1942 esre
1213 1884 1470 1955 bonurn3
1496 1904 1680 1964 eoque
1700 1886 1877 1949 modo
1898 1905 2027 1945 eum
2052 1886 2189 1945 bea-

426 1972 623 2031 titudo
642 1973 899 2048 petitur,
951 1966 1024 2023 ab
1045 1966 1321 2024 omnibus
1342 1966 1645 2025 desiderari
1691 1965 1903 2025 bonum
1927 1969 1951 2025 ,2
1994 1965 2190 2026 Mini-

427 2073 522 2111 me
546 2085 568 2120 ,
609 2056 848 2127 inquam
873 2081 894 2113 ,
935 2046 1202 2107 recordor
1223 2080 1245 2115 ,
1289 2050 1567 2121 quoniam
1590 2044 1649 2103 id
1694 2050 1981 2105 memoriae
2004 2046 2186 2107 fixum

429 2150 602 2191 teneo
623 2167 638 2183 .
681 2128 903 2183 Omnes
925 2127 1103 2200 igitur
1124 2121 1389 2181 homines
1414 2159 1436 2194 ,
1488 2124 1623 2183 boni
1668 2131 1889 2202 pariter
1908 2150 1977 2187 ae
1996 2128 2141 2187 mali
2166 2165 2188 2200 ,

431 2206 735 2269 indiscreta
782 2206 1113 2263 intentione
1151 2203 1227 2261 ad
1271 2204 1486 2265 bonum
1531 2209 1835 2285 pervenire
1876 2214 2147 2269 nituntur
2173 2222 2215 2266 .“

430 2290 522 2350 Ita
549 2324 570 2360 ,
614 2293 854 2365 inquam
877 2319 910 2356 ,
929 2281 1300 2362 xcousequeni
1321 2284 1398 2344 est
1421 2329 1439 2344 .
1486 2286 1597 2347 Sed
1643 2304 1861 2347 certum
1888 2289 1963 2348 est
1990 2326 2011 2363 ‚
2052 2293 2195 2361 ade-

431 2377 634 2453 ptione
678 2369 816 2427 boni
857 2364 1038 2425 bonos
1091 2364 1256 2424 fieri.
1298 2366 1543 2428 Certum
1568 2410 1583 2425 .
1632 2366 2058 2449 Adipiscuntur
2081 2376 2195 2455 igi-

431 2472 528 2513 tur
568 2451 708 2511 boni
749 2448 905 2528 quod
947 2465 1234 2526 appetunt
1260 2490 1273 2505 .
1322 2450 1729 2511 Sic'videtur.
1786 2450 1947 2511 Mali
1972 2454 2111 2513 vei-o
2154 2452 2191 2512 fl

431 2532 884 2613 adipiscerentur
913 2531 1078 2611 quod
1117 2549 1405 2609 appetunt
1430 2532 1657 2593 bonum
1680 2568 1705 2605 ,
1746 2534 1893 2592 mali
1939 2534 2051 2595 effe
2074 2557 2186 2593 non

431 2615 658 2696 peffent
679 2656 696 2672 .
739 2609 830 2673 lta
855 2610 936 2672 est
957 2652 974 2669 .
1013 2610 1170 2673 Cum
1195 2616 1377 2693 igitur
1398 2618 1635 2694 utrique
1675 2614 1891 2677 bonurn
1938 2634 2188 2695 petant,

433 2698 531 2760 sed
570 2697 634 2757 bi
676 2697 910 2775 quidem
951 2693 1392 2771 adipiscantur,
1435 2696 1697 2756 illivero
1736 2701 2027 2769 niinime3
2061 2714 2185 2753 non

432 2779 672 2837 &ibium
695 2776 774 2837 est
799 2812 821 2848 ,
843 2777 1024 2835 bonor
1046 2775 1280 2853 quidem
1300 2793 1577 2854 potentes
1596 2775 1713 2838 effe
1730 2814 1752 2851 ,
1778 2783 2037 2859 quivero
2058 2774 2186 2831 nia-

431 2861 480 2918 ii
524 2857 702 2927 sunt,
745 2856 1110 2917 imbecilles·
1175 2856 1459 2934 Qaisquis
1507 2894 1530 2928 ,
1576 2862 1861 2937 inquam,
1908 2858 2182 2925 dubitat,

427 2962 538 3000 nec
557 2956 748 2997 rerum
786 2956 1056 2997 naturam
1079 2962 1102 3005 ς
1145 2954 1251 2993 nec
1288 2934 1968 3017 consequentianrpot'est
2000 2934 2185 2994 confi-⁸

429 3019 942 3081 denterationum
965 3056 982 3075 .
1031 3014 1261 3077 Rursus
1297 3019 1497 3096 inquit
1517 3041 1541 3077 r
1576 3019 1637 3078 Si
1656 3018 1776 3079 duo
1804 3019 1927 3079 sint
1958 3016 2186 3095 quibu·

1958 3099 2113 3161 idem
