2475 3723
489 199 1355 265 spumosoPmAE
1416 198 1779 262 L113.1.·
1888 223 1952 278 ι,

250 333 388 399 tui,
434 329 666 405 inquit,
706 325 888 385 aliam
917 326 1009 383 vel
1034 331 1355 384 maximam
1382 325 1630 389 cauffam
1663 346 1681 395 ;
1724 325 1865 404 quid
1906 324 2029 403 ipse

251 410 322 466 fis
349 446 370 479 ,
415 407 570 466 noss'e
589 405 813 466 desisti.
858 409 1052 500 Qare
1075 408 1398 485 pleniffime
1422 409 1514 466 vel
1535 408 1897 488 aegritudinis
1922 424 2031 464 tuae

248 493 538 546 rationem
567 524 588 559 ‚
631 489 724 546 vel
754 488 984 545 aditum
1031 489 1469 548 reconcilianda
1514 489 1808 566 sospitatis
1857 492 2027 545 inve-

251 573 358 625 ni.
404 567 550 626 Nam
577 571 853 650 quoniam
879 575 966 626 tui
991 569 1292 628 oblivione
1313 571 1735 640 confunderis,
1778 569 1835 625 &
1857 565 2031 626 exsu-

252 651 374 707 lem
401 685 421 719 ,
456 653 508 708 &
533 649 921 728 exspoliatum
946 655 1192 727 propriis
1219 650 1387 710 bonis
1410 653 1523 712 esse
1542 649 1779 710 doluisti
1804 689 1820 706 .
1839 654 2033 744 „Qn-

249 734 417 787 'niam
463 752 646 800 vero,
691 735 822 807 quis
866 731 932 786 sit
982 751 1166 786 rerum
1211 729 1346 789 finis
1392 767 1413 802 ,
1458 737 1735 811 ignotae,
1778 752 2030 808 nequam

259 810 522 870 homines
558 846 579 880 ‚
621 827 799 886 atque
844 805 1094 867 nefarios
1120 848 1140 881 ,
1183 829 1495 887 potentes,
1540 812 1857 894 felicesque
1876 811 2032 870 arbi-

251 896 426 950 tratis
453 932 467 947 .
513 893 815 972 Quoniam
861 909 996 947 vero
1025 925 1046 960 ‚
1090 891 1297 968 quibus
1335 894 1741 971 gubernaculis
1782 894 2032 954 mundus

257 971 533 1050 regatur,
577 969 798 1026 oblitus
843 990 936 1039 οε,
981 971 1082 1028 has
1123 969 1490 1030 fortunarum
1532 978 1691 1030 vices
1736 972 2031 1032 existimas

256 1053 374 1112 fine
399 1051 618 1110 reEiore
661 1051 923 1106 fluitare.
969 1050 1204 1128 Magna:
1249 1071 1363 1105 non
1387 1053 1461 1108 ad
1504 1053 1773 1108 morbum
1814 1053 2035 1122 modo,

255 1153 460 1190 verum
490 1131 564 1188 ad
589 1132 891 1186 interitum
918 1150 1144 1206 quoque
1167 1128 1364 1186 cauffae
1388 1170 1403 1184 .
1448 1131 1553 1188 Sed
1598 1128 1892 1204 sospitatis
1936 1151 2037 1186 au-

256 1212 403 1270 &ori
426 1227 619 1290 grates
647 1245 668 1280 ,
713 1209 864 1286 quod
890 1228 946 1268 te
975 1211 1230 1266 nondum
1257 1227 1447 1268 totum
1493 1229 1701 1268 natura
1732 1207 1995 1268 destituit
2020 1249 2037 1266 .

254 1289 570 1350 Habemus
593 1293 916 1347 maximum
945 1307 1053 1348 tuae
1106 1289 1375 1349 fomitem
1423 1291 1635 1350 salutis
1661 1325 1682 1361 ‚
1728 1309 1927 1364 veram
1966 1291 2038 1352 de

252 1373 465 1432 mundi
509 1371 930 1452 gubernatione
965 1371 1312 1430 sententiam
1339 1409 1361 1444 ‚
1404 1376 1559 1452 quod
1606 1393 1737 1430 eam
1780 1387 1897 1430 non
1941 1393 2038 1429 ea-

249 1453 417 1514 suum
445 1454 762 1512 temeritati
787 1486 810 1522 ‚
854 1449 946 1510 sed
973 1454 1183 1512 divinae
1209 1457 1423 1513 rationi
1470 1452 1761 1513 subditam
1798 1451 1985 1512 credis
2013 1493 2028 1507 .

239 1534 429 1596 Nihil
478 1536 662 1614 igitur
703 1533 1072 1612 pertimescas
1099 1575 1112 1590 .
1174 1531 1301 1612 Jam
1349 1535 1463 1595 tibi
1502 1557 1591 1594 ex.
1626 1533 1739 1596 hae
1782 1537 2031 1594 minima

243 1614 588 1676 scintillula
635 1599 840 1672 vitalis
891 1615 1049 1674 calor
1092 1616 1405 1675 illuxerit·.
1448 1618 1559 1676 sed
1594 1622 1888 1696 *quoniam
1935 1613 2036 1672 fir·

240 1695 533 1755 mim-ibus
579 1695 853 1751 remediis
898 1695 1153 1751 nondum
1202 1715 1434 1774 tempus
1477 1695 1559 1754 est
1603 1700 1746 1768 uti,
1808 1697 1865 1755 &
1904 1714 2033 1754 ean

241 1773 541 1834 mentium
571 1770 796 1830 constat
825 1769 935 1829 else
969 1789 1234 1830 naturam
1265 1811 1286 1845 ‚
1330 1793 1395 1830 ut
1420 1781 1659 1852 ,quoties
1714 1776 2033 1852 abjecerint

247 1873 424 1914 veras
454 1888 476 1923 ‚
523 1849 688 1909 falsis
711 1849 1087 1925 opinionibus
1115 1854 1436 1913 induantur
1471 1888 1493 1922 ‚
1536 1859 1615 1927 e'x·
1652 1853 1864 1931 quibus
1907 1871 2033 1909 orta

254 1930 774 2014 perturbationum
824 1929 1016 2007 caligo
1037 1950 1234 1989 verum
1283 1932 1459 1990 illum
1503 1933 1816 1990 confundit
1856 1933 2041 1987 intui-

259 2033 443 2085 tum5
487 2010 638 2069 hanc
685 2008 1003 2089 paullisper
1049 2010 1276 2071 lenibus
1317 2048 1339 2082 ,
1408 2009 1909 2089 mediocribusque
1948 2008 2040 2068 fo-

263 2096 484 2151 mentis
507 2110 812 2150 attenuare
841 2089 1082 2149 tentabo
1107 2126 1127 2162 ‚
1169 2112 1235 2151 ut
1259 2093 1871 2153 dimotisfallacium.
1898 2092 2036 2167 affe-

260 2174 521 2311 {tionum
550 2172 802 2231 tenebris
831 2209 854 2245 ‚
898 2172 1261 2250 splendorem
1288 2190 1434 2234 vere
1456 2174 1604 2235 lucit
1645 2175 1814 2256 poffis
1852 2194 2038 2255 agno·

291 2274 450 2313 cere.

702 2409 1304 2473 METRUM
1388 2413 1582 2475 V11.

589 2574 794 2639 ch'bm
814 2590 878 2631 at
885 2579 963 2630 ris

627 2653 871 2712 Condita
897 2650 1108 2715 nullum

426 2738 672 2796 Fundere
693 2736 908 2811 poffimt
955 2748 960 2757 ‘

425 2820 620 2877 Sidera
641 2817 817 2874 lumen
838 2859 852 2872 .

357 2917 388 2971 5
429 2906 498 2959 si
518 2920 662 2957 man
680 2895 900 2955 volvem·

429 2979 711 3039 Turbidus
731 2980 928 3051 Auster

433 3063 667 3141 Militat
687 3060 865 3135 astum
886 3099 912 3134 ‚

517 3188 526 3195 .
1316 3140 1362 3199 B
1444 3160 1479 3200 2
1760 3147 1949 3207 Vitrea
