2475 3723
621 76 1432 189 P'HILOSOPHIAE
1493 124 1779 193 LIB.1.
1952 147 2020 201 ι,

294 254 489 309 ritate
502 247 818 305 'concordes
845 281 866 315 ‚
916 261 983 303 ut
1008 266 1124 304 non
1146 246 1378 326 aliquos
1403 246 1498 306 vel
1521 243 1648 323 ipse
1669 245 1914 303 humani
1935 264 2108 307 error.

301 330 578 409 ingenii,
622 327 715 385 vel
760 326 1006 385 sortunae
1032 329 1296 386 conditio
1339 327 1560 387 cun3is
1607 325 1956 385 mortalibus
2001 329 2100 383 in-

300 429 469 469 eerta·
510 407 917 467 submitteret?
962 408 1021 465 Si
1055 410 1420 468 inflammare
1464 407 1648 466 sacras
1691 408 1836 466 ades
1872 404 2100 464 voluis-

303 487 365 547 se
394 525 422 561 ⁵.
458 488 493 548 fi
517 486 833 549 sacerdotes
858 492 1043 567 impio
1064 492 1334 571 jugulare
1357 490 1556 569 gladio
1580 525 1603 560 ,
1646 488 1684 547 si
1710 489 1882 547 bouis
1905 492 2100 553 omni«,-

304 570 415 627 bus
433 590 625 629 necem
658 569 921 629 struxisse
942 571 1263 631 diceremur
1283 606 1304 642 ,
1354 570 1692 649 praesentem
1742 588 1942 631 tamen
1967 566 2098 629 seu.-

296 654 487 708 tentia
512 649 831 709 eonfeisum
857 686 878 720 ‚
924 653 1335 711 conviaumve
1360 650 1612 731 puniffet
1637 692 1652 707 .
1722 648 1902 709 Nune
1921 654 2100 728 quin·-

338 736 493 790 entis
524 730 649 788 fere
674 729 939 807 passuum
964 733 1235 789 millibus
1253 733 1457 810 procul
1487 734 1638 791 moti
1665 768 1687 801 ‚
1724 750 1904 811 atque
1926 733 2100 805 indeq

294 750 443 870 §ensi
470 810 546 869 ob
576 808 827 867 studium
866 812 1197 888 propensius
1228 816 1290 869 in
1337 811 1598 871 senatum
1619 848 1642 882 ,
1686 817 1866 871 morti
1891 846 1912 881 ‚
1955 831 2096 889 pro·-

296 890 724 970 scriptiouique
750 892 1095 949 damnamur
1117 934 1131 948 .
1175 894 1233 949 0
1259 896 1498 951 meritos
1531 928 1554 963 ‚
1599 894 1670 949 de
1693 892 1870 953 simili
1893 895 2095 951 crimi-

295 992 375 1029 ne
398 974 693 1029 neminem
720 970 877 1047 posse
920 968 1244 1030 convinci!
1285 974 1446 1047 cujus
1495 974 1846 1048 dignitatem
1895 990 2124 1033 reatum

298 1051 407 1129 ipfi
460 1056 639 1109 etiam
682 1055 783 1127 q'ui
808 1050 1067 1109 detulere
1092 1085 1113 1119 ‚
1156 1050 1470 1107 viderunt:
1539 1070 1711 1125 quam
1733 1056 1820 1107 uti
1843 1050 2094 1128 alicujus

303 1130 535 1189 sceleris
578 1129 932 1189 admistione
978 1127 1267 1187 fuscarent
1294 1165 1314 1200 ,
1355 1128 1430 1187 ob
1471 1128 1758 1185 ambitum
1781 1130 2094 1205 dignitati-a

304 1208 611 1289 sacrilegio
634 1232 729 1269 me
749 1208 1163 1269 conscientiam
1189 1208 1464 1287 polluisse
1486 1212 1728 1268 mentiti
1759 1207 1894 1267 sune
1915 1250 1930 1264 .
1973 1207 2096 1287 At7

306 1292 577 1369 qui&tu
624 1292 791 1351 insita
838 1291 1053 1363 nobis,
1098 1312 1332 1350 omnem
1377 1312 1564 1350 rerum
1610 1291 1950 1349 mortalium
1991 1313 2096 1349 cu-

300 1372 683 1449 pidinem‘de
726 1372 902 1431 nostri
948 1376 1135 1431 animi
1181 1372 1316 1432 sede
1353 1372 1614 1451 pellebas
1660 1409 1681 1444 ,
1723 1374 1779 1431 &
1823 1368 1924 1430 sub
1973 1382 2091 1433 tuis

301 1454 489 1511 oculis
511 1451 817 1534 sacrilegio
843 1454 1037 1513 locum
1082 1455 1195 1514 esse
1240 1453 1328 1512 fas
1375 1477 1489 1513 non
1537 1472 1660 1514 erat
1688 1496 1702 1511 .
1746 1452 2090 1515 Instillabas

298 1535 456 1591 euim
498 1535 734 1595 auribus
778 1572 801 1607 ,
844 1535 1416 1617 cogitationibusque
1450 1538 1719 1616 quotidie
1780 1539 1926 1595 meis
1972 1534 2094 1611 Py-

299 1614 661 1692 thagoricum
707 1617 896 1687 illud,
936 1616 1039 1677 ἕσιν
1084 1618 1260 1696 Θεῷ..
1312 1617 1446 1676 ,Νεσ
1487 1616 1886 1677 conveniebat.
1910 1617 2092 1675 ‘vilis-

300 1713 529 1753 morum
554 1716 648 1753 me
674 1694 979 1771 spirituum
1007 1697 1258 1772 presidia
1283 1713 1540 1771 captare,
1565 1718 1738 1773 quem
1761 1716 1828 1755 tu
1851 1697 2090 1765 in.hanc

303 1774 719 1831 excellentiam
767 1774 1205 1849 componebas,
1247 1790 1312 1839 ut
1355 1774 1716 1833 consimilem
1755 1774 1890 1832 Deo
1931 1774 2093 1835 face-

305 1873 395 1911 res
421 1893 435 1907 .
482 1850 759 1908 Praeterea
808 1850 1111 1927 penetrale
1154 1855 1436 1907 innocens
1479 1852 1730 1922 domur,
1771 1851 2094 1918 bonestiffi-

304 1952 533 1992 motum
580 1950 759 1992 coetus
800 1933 1123 1994 amicorum
1147 1965 1169 1998 ,
1212 1928 1370 2004 socer
1391 1930 1772 2005 Symmachus
1813 1929 2088 2008 sanans,

307 2015 364 2070 &
407 2033 563 2090 aeque
582 2012 713 2070 astu
738 2009 867 2090 ipso
890 2011 1237 2072 reverendus
1261 2047 1283 2081 ,
1325 2010 1400 2068 ab
1417 2016 1580 2069 omni
1623 2033 1730 2070 nos
1763 2010 1934 2088 hujus
1977 2017 2092 2086 cri·-

308 2097 489 2152 minis
534 2091 853 2173 suspicione
895 2091 1259 2152 defendunt.
1325 2091 1438 2151 Sed
1479 2115 1514 2150 o
1541 2087 1759 2152 nefas!
1807 2093 2088 2160 illi'veto

308 2176 380 2234 de
400 2192 459 2233 te
480 2179 635 2234 tanti
676 2178 945 2234 criminis
968 2173 1145 2232 fidem
1166 2175 1409 2250 capiunt
1433 2209 1454 2246 ‚
1481 2192 1672 2252 ..atque
1693 2174 1804 2236 hoc
1825 2173 1952 2254 ipso
1997 2177 2092 2250 af-

308 2256 453 2316 fines
478 2254 648 2314 fuisse
673 2253 939 2315 videniur
980 2253 1274 2313 maleficio
1297 2289 1319 2324 ‚
1363 2255 1514 2333 quod
1539 2260 1656 2315 tuis
1680 2257 1892 2318 imbuti
1915 2258 2092 2320 disci·-

309 2339 495 2416 plinis
521 2371 539 2406 ‚
583 2342 702 2396 tuis
727 2334 983 2394 instituti
1003 2334 1264 2393 moribus
1286 2333 1478 2394 sumus
1501 2376 1517 2391 .
1558 2333 1654 2396 lta
1698 2360 1817 2398 non
1841 2338 1924 2398 est
1941 2339 2084 2400 satis

306 2419 457 2476 nibil
507 2418 655 2475 mihi
701 2415 977 2494 profuisse
1014 2434 1182 2474 tuam
1206 2421 1594 2476 reverentiam
1618 2453 1641 2490 ‚
1685 2420 1790 2478 nisi
1833 2421 1990 2484 ultro
2014 2440 2088 2482 tu

313 2519 441 2637 ἷξε
468 2503 665 2634 potilus
689 2496 998 2633 offensilone
1020 2497 1297 2638 lacae-ris
1314 2538 1329 2553 .
1372 2496 1480 2638 ΑΞ.
1498 2501 1751 2638 vertisti-iic
1773 2504 1957 2637 etiaml
1977 2523 2091 2598 no-

367 2599 444 2636 tis
492 2599 584 2636 ma
618 2599 667 2635 rs
710 2597 879 2637 cumu
910 2598 973 2635 us
1016 2597 1114 2636 acc
1190 2597 1237 2636 it
1259 2614 1281 2648 ,
1366 2598 1438 2638 uo
1521 2601 1614 2639 exi
1669 2598 1874 2640 imatio
1964 2603 2086 2640 uri-

312 2679 543 2719 morum
566 2680 681 2716 non
733 2679 919 2718 rerum
940 2662 1149 2717 merita
1174 2695 1200 2730 ,
1240 2599 1362 2718 sedq
1379 2658 1620 2720 fortuna
1643 2659 1862 2738 speeiat
1896 2597 2086 2730 {vea-

314 2759 493 2809 tum3
536 2759 717 2818 eaque
758 2758 989 2798 tantum
1028 2740 1258 2819 judicat
1300 2739 1682 2821 effe-provisa
1725 2762 1850 2819 quae
1889 2739 2088 2802 sellici-

314 2839 407 2882 tas
430 2821 924 2881 commendaverit
947 2859 964 2877 .
1006 2824 1145 2904 Qo
1167 2821 1242 2880 fit.
1257 2858 1280 2894 ‚
1322 2841 1386 2880 ut
1409 2821 1764 2882 existimatio
1788 2822 1938 2885 bona
1959 2827 2086 2901 prb

316 2923 411 2961 ma
437 2905 700 2960 omnium
724 2900 946 2961 deserat
970 2903 1240 2963 infelices
1261 2945 1277 2960 .
1329 2907 1464 3046 ,Ῥιί
1489 2923 1644 2960 nunc
1662 2904 1870 2983 populi
1891 2919 2086 2966 tumo-

316 3003 407 3042 res
432 3018 456 3057 ,
498 3003 675 3063 quam
708 2981 938 3048 diffouae
960 3019 983 3056 ,
1022 2985 1358 3065 multiplice
1388 3004 1500 3064 que
1537 2981 1871 3060 sententia,
1913 2987 2084 3063 piget

1835 3084 2007 3124 renu-
