2475 3723
472 170 545 237 36
664 158 861 219 BoE
892 155 1136 215 ‘rm-1
1199 154 1344 215 DE
1387 131 1869 219 coN'soL.

390 306 495 363 pus
559 280 773 361 speEies
816 316 838 353 ‚
902 278 1260 339 imbecillius
1293 262 1556 338 'homine
1615 284 1864 356 reperire
1926 301 2096 363 queas
2127 312 2160 353 9

390 384 532 444 quos
552 361 692 439 saepe
714 358 1100 419 musculorum
1128 380 1358 439 quoque
1381 358 1474 418 vel
1525 360 1748 419 morsus
1774 396 1796 429 ‚
1837 362 1935 419 vel
1983 368 2042 421 in
2077 365 2162 421 sc-

390 460 544 503 creta
588 462 821 519 quaque
863 446 1222 518 reptantium
1267 459 1436 499 necat
1481 443 1761 499 introitus
1785 442 1808 497 ἓ
1841 445 1990 533 ·Qo
2031 464 2166 503 veto

392 521 693 603 quisquam
717 525 807 600 jus
828 521 1069 599 aliquod
1094 524 1153 577 in
1178 526 1512 599 quempiam
1541 558 1561 593 ,
1605 520 1708 579 nifi
1733 525 1795 577 in
1819 520 2167 583 solum'cor·

389 624 497 682 pus
522 639 543 673 ,
586 606 639 661 ὃ(
664 604 817 681 quod
842 600 994 659 infra
1018 621 1225 680 corpus
1251 599 1330 659 est
1355 637 1375 672 ,
1421 600 1715 659 fortunam
1742 602 1950 682 loquor
1973 639 1994 674 ‚
2034 602 2172 681 pos-

384 680 457 744 fit
478 685 781 744 exercere?
826 680 987 742 Num
1035 684 1354 762 quidquam
1387 702 1668 759 umquam
1713 683 1894 743 libero
1918 688 2176 761 impera-

388 766 482 823 bis
503 764 753 824 animo?
794 762 957 822 Num
1004 781 1259 822 mentem
1305 763 1471 821 firma
1496 764 1600 822 fibi
1623 769 1849 822 ratione
1885 764 2172 824 cohaeren-

365 862 509 907 sem
538 847 609 905 de
630 846 775 904 statu
802 848 1044 923 propriae
1068 848 1284 923 quietis
1329 844 1679 903 amovebis?
1722 842 1874 903 Cum
1923 844 2170 905 liberum

392 928 705 1007 quemdam
731 930 919 985 vitum
967 924 1272 1005 suppliciis
1296 924 1352 983 se
1377 942 1664 1002 tyrannus
1709 925 2181 1005 adaEiurum‘pu-

392 1027 550 1069 taret
592 1027 658 1068 ut
680 1006 985 1067 adversum
1011 1010 1067 1065 se
1088 1004 1255 1065 faaae
1297 1010 1728 1085 conjurationis
1752 1006 2014 1067 conscios
2043 1027 2175 1085 pro-

390 1091 555 1150 deret
573 1128 599 1163 ,
642 1090 907 1169 linguam
934 1087 1039 1147 ille
1060 1088 1378 1147 momordit
1403 1106 1580 1167 atque
1602 1087 1850 1147 abscidit
1875 1126 1896 1160 ,
1923 1091 1994 1146 ·&
2018 1092 2076 1145 in
2103 1109 2166 1145 os
2241 1137 2246 1142 .

391 1174 638 1249 tyranni
660 1170 949 1229 saevientis
986 1170 1242 1248 abjecit:
1287 1172 1370 1228 ita
1412 1174 1701 1229 cruciatus
1746 1190 1892 1249 quos
1931 1169 2176 1249 putabat

393 1272 681 1329 tyrannus
703 1256 1009 1309 materiam
1035 1251 1405 1309 crudelitatis
1421 1287 1442 1323 ‚
1471 1256 1562 1309 vir
1582 1250 1808 1329 sapiens
1831 1250 1972 1311 fecit
1996 1257 2175 1310 etiam

397 1336 639 1391 virtutis
666 1373 679 1387 .
741 1330 907 1415 ’ΨΜ
951 1348 1147 1388 autem
1192 1329 1270 1387 est
1315 1332 1468 1408 quod
1514 1337 1573 1387 in
1639 1334 1822 1389 alium
1872 1332 2178 1411 quisquam

396 1410 591 1471 facere
632 1410 796 1489 poffit
821 1445 843 1479 ‚
888 1411 1040 1487 quod
1086 1406 1360 1467 sustinere
1401 1409 1474 1466 ab
1497 1412 1618 1467 alio
1661 1410 1922 1487 ipsenon
1960 1413 2175 1489 poffit?

394 1490 715 1553 Busiridem
736 1495 1063 1566 accepimus
1084 1506 1291 1545 necate
1314 1488 1572 1565 hospites
1595 1488 1832 1547 solitum
1859 1525 1880 1559 ,
1922 1490 1996 1547 ab
2020 1488 2181 1548 Her·-

402 1572 531 1632 cule
554 1568 781 1649 hospite
804 1567 973 1627 fuisse
1020 1567 1338 1627 maEiatum
1364 1610 1379 1625 .
1425 1566 1702 1648 Regulus
1725 1570 1918 1648 plures
1968 1570 2178 1629 Poeno-

402 1674 530 1713 tum
579 1650 737 1723 bello
780 1669 979 1729 captos
1002 1653 1063 1707 in
1089 1648 1325 1709 vincula
1352 1654 1712 1729 conjecerat:
1759 1651 1856 1710 sed
1879 1672 2017 1710 mox
2055 1651 2176 1731 ipse

400 1734 691 1793 vieini-um
715 1737 938 1792 catenis
960 1752 1165 1791 manus
1190 1730 1430 1811 praebuit
1452 1773 1465 1787 .
1515 1732 1728 1790 Ullam
1751 1754 1826 1792 ne
1850 1738 2030 1814 igitur
2053 1736 2176 1813 ejus

392 1816 660 1877 hominis
703 1819 1031 1892 potentiam
1077 1830 1248 1894 putas
1293 1818 1394 1894 qui
1435 1814 1606 1892 quod'
1638 1814 1758 1895 ipse
1802 1819 1862 1873 in
1905 1816 2030 1875 alio
2074 1835 2184 1896 po·

400 1895 512 1960 test
538 1936 561 1973 ,
604 1921 675 1958 ne
701 1899 759 1956 id
784 1902 842 1956 in
870 1897 925 1956 se
948 1898 1099 1956 alter
1119 1897 1319 1955 >valeat
1346 1932 1366 1967 ,
1409 1898 1630 1956 efficere
1671 1921 1788 1956 non
1813 1898 2024 1975 poffit?
2083 1896 2180 1956 A'd

400 1981 521 2039 haec
548 2017 567 2050 ,
592 1981 629 2038 fi
657 1979 785 2056 ipfis
811 1979 1200 2058 dignitatibus
1222 1997 1292 2033 ac
1314 1977 1696 2050 potestatibus
1719 1977 1926 2036 inesset
1949 1978 2177 2057 aliquid

401 2059 694 2118 naturalis
716 2078 782 2115 ac
804 2062 1023 2135 proprii
1050 2057 1188 2110 boni
1212 2087 1233 2121 ‚
1275 2073 1591 2130 numquam
1619 2057 1872 2130 pessimis
1907 2063 2183 2134 proveni-

400 2154 531 2200 rent
556 2177 570 2191 .
630 2133 839 2211 Neque
862 2139 1015 2190 enim
1040 2130 1143 2190 fibi
1166 2128 1353 2188 solent
1375 2131 1613 2190 adversa
1657 2133 1864 2193 sociari
1889 2177 1903 2191 .
1949 2137 2181 2196 Natura

400 2215 621 2294 respuit
666 2230 730 2269 ut
755 2215 1041 2271 contraria
1068 2229 1305 2290 quaeque
1345 2214 1663 2292 jungantur
1691 2256 1704 2269 .
1751 2213 1840 2273 Ita
1867 2237 1997 2273 cum
2015 2219 2188 2295 pessi-

403 2317 531 2356 mos
554 2295 896 2375 plerumque
920 2291 1314 2374 dignitatibus
1359 2291 1792 2386 sung-ubium
1818 2317 1934 2356 non
1963 2297 2030 2356 fit
2051 2332 2072 2367 ‚
2104 2299 2181 2356 il-

398 2381 506 2438 lud
530 2379 709 2434 etiam
734 2373 923 2450 liquet
948 2410 970 2445 ‚
1014 2393 1217 2434 natura
1245 2373 1330 2433 sui
1354 2375 1502 2434 bona
1529 2398 1644 2434 non
1675 2378 1787 2436 effe
1831 2399 1951 2457 quae
1977 2377 2032 2436 se
2056 2379 2184 2457 pes-

402 2461 561 2522 fimis
582 2456 787 2516 haerere
812 2459 1113 2531 patiantur
1136 2498 1149 2513 .
1196 2457 1371 2602 Quod
1397 2459 1630 2536 quidem
1656 2462 1727 2518 de
1749 2459 1970 2519 cutiens
1996 2459 2184 2520 fortu-

399 2563 487 2601 ηε
511 2535 839 2598 muneribus
863 2535 1098 2615 dignius
1122 2543 1215 2597 exi
1274 2543 1440 2598 ima-ri
1465 2541 1652 2618 potest
1677 2578 1697 2613 ,
1725 2561 1845 2620 quae
1865 2543 1942 2600 ad
1965 2547 2184 2620 impro-

396 2621 686 2682 biffimum
710 2637 1056 2696 quemquam
1102 2619 1365 2682 uberiora
1412 2629 1764 2700 proveniunt
1791 2665 1804 2678 .
1850 2620 1949 2682 De
1969 2623 2176 2702 quibus

398 2708 580 2766 ‘etiam
605 2699 755 2760 illud
776 2697 1245 2762 considerandum
1269 2704 1595 2781 puto‚quod
1620 2726 1791 2763 nemo
1815 2705 2044 2762 dubitat
2064 2701 2175 2762 effe
2213 2703 2220 2706 ’

402 2783 616 2843 fortem
642 2787 733 2841 cui
757 2780 1166 2839 fortitudinem
1194 2784 1370 2844 ineffe
1394 2783 1758 2860 conspexerit
1783 2809 1796 2842 :
1841 2787 1898 2842 ὅτ
1921 2788 2176 2843 cuicum-

404 2887 517 2946 que
540 2863 822 2924 velocitas
844 2860 998 2921 adest
1022 2899 1042 2934 ,
1084 2863 1458 2923 manifestum
1489 2865 1568 2922 est
1591 2866 1705 2924 effe
1726 2865 1985 2923 velocem
2020 2902 2034 2916 .
2079 2864 2176 2922 Sic

401 2945 610 3007 mufica
636 2943 868 3023 quidem
892 2941 1131 3003 muficos
1156 2983 1176 3017 ‚
1217 2945 1507 3004 medicina
1532 2946 1785 3003 medicos
1808 2978 1831 3013 ‚
1886 2947 2168 3004 rhetorica

402 3026 659 3089 thetores
702 3023 847 3085 facit
870 3065 886 3081 .
937 3024 1085 3108 Agit
1130 3029 1288 3088 enim
1311 3025 1582 3106 cujusque
1631 3028 1714 3085 rei
1768 3041 1972 3084 natura
2019 3026 2175 3108 quod

502 3123 509 3130 ·
1949 3125 2095 3187 pro-
