2475 3723
532 189 1350 261 FHILO‘SOPHIAE
1413 190 1782 257 L18.·1.v.
1890 197 1961 267 83

254 346 394 386 tas.
438 325 613 407 Qod
657 324 694 383 fi
740 321 1095 383 extrinsecus
1140 336 1379 402 accepto
1417 324 1764 391 metaretur,
1807 330 2038 397 poterat

256 408 491 467 hocve!
517 408 665 464 alius
692 404 979 484 quispiam
1008 441 1027 475 ,
1074 406 1166 463 vel
1234 406 1341 463 ille
1384 409 1560 462 etiam
1607 408 1706 481 q'ui
1755 397 2040 461 contulis-¹

262 490 349 547 set
375 524 396 559 ‚
436 486 656 547 auferre
682 529 695 542 .
744 487 847 545 Sed
876 491 1149 565 quoniam
1178 486 1233 544 id
1260 486 1354 543 sua
1381 490 1586 565 cuique
1608 482 1870 561 probitas
1895 500 2038 557 cong

254 568 376 627 fert
400 606 419 640 ‚
464 588 587 627 tum
616 566 713 625 suo
736 574 971 645 praemio
996 569 1213 626 carebit
1241 604 1261 638 ,
1307 590 1435 625 cum
1465 566 1675 645 probus
1720 564 1830 621 effe
1859 561 2042 618 defie-

249 654 345 707 rit
371 688 385 703 .
432 649 725 707 Postremo
767 665 901 708 cum
949 672 1119 708 omne
1146 654 1439 727 praemium
1489 652 1697 707 iccirco
1729 652 2041 721 appetatur

256 732 533 808 quoniam
560 730 778 787 bonum
820 728 933 786 effe
954 732 1205 803 creditus⁴
1230 767 1252 801 ,
1296 736 1424 809 quis
1463 732 1600 787 boui
1659 744 1987 803 compotem
2015 752 2041 791 9

256 816 483 888 praemii
511 810 729 887 judicet
755 828 1053 885 expertem
1078 810 1101 865 ?
1148 810 1233 868 At
1261 816 1422 889 cujus
1462 812 1682 889 praemii
1707 808 1733 863 ?
1776 809 2042 863 omnium

256 891 690 967 pulcherrimi,
732 892 1097 967 maximique
1122 932 1137 945 .
1182 888 1494 949 Memento
1527 894 1682 948 enim
1720 883 1900 943 'illius
1942 906 2044 945 coe-

256 970 490 1027 roilarii
536 969 690 1047 quod
715 970 917 1045 paullo
958 990 1095 1027 ante
1122 974 1466 1047 praecipuum
1499 972 1632 1027 dedi
1661 990 1680 1035 ς
1723 987 1790 1025 ac
1813 968 1885 1024 sic
1915 966 2042 1022 col·-

256 1048 381 1126 lige
406 1072 417 1105 :
462 1048 617 1107 Cum
646 1048 829 1127 ipsum
857 1050 1069 1107 bonum
1100 1052 1418 1108 'beatitudo
1472 1050 1539 1107 s1t
1566 1086 1588 1121 ‚
1630 1048 1812 1105 bonos
1837 1054 2038 1105 onmes

264 1148 336 1186 eo
362 1127 483 1205 ipso
507 1130 670 1208 quod·
706 1131 845 1188 boni
892 1130 1045 1200 fint,
1091 1130 1213 1187 fieri
1255 1129 1454 1188 b'eatos
1505 1131 1692 1206 liquet
1721 1168 1734 1179 .
1790 1126 1894 1181 S‘ed
1942 1128 2043 1201 qui

262 1208 424 1266 beati
472 1208 647 1281 sunt,
692 1210 829 1269 deos
873 1210 985 1269 eise
1029 1213 1342 1269 convenit.
1389 1209 1488 1267 Est
1543 1212 1722 1287 igitur
1747 1205 2044 1283 praemium

264 1289 548 1348 bonorum
574 1326 595 1363 ‚
640 1293 795 1370 quod
830 1292 1032 1351 nullus
1076 1293 1302 1349 deterat
1341 1292 1505 1363 dies,
1553 1289 1792 1346 nullius·
1817 1288 2047 1343 minuat

261 1370 517 1449 potestas·
543 1408 564 1443 ‚
591 1374 815 1431 nullius
847 1371 1033 1432 fuscet
1060 1374 1406 1452 improbitas
1431 1411 1450 1444 ,
1499 1372 1636 1430 deos
1689 1366 1814 1427 fieri
1839 1408 1853 1423 .
1899 1369 2044 1445 Qae

264 1472 395 1511 cum
422 1458 500 1511 ita
554 1453 708 1525 fint3
751 1456 823 1513 de
863 1455 1150 1515 malorum
1176 1474 1407 1535 quoque
1453 1450 1828 1530 inseparabili
1867 1464 2040 1525 poena

264 1534 534 1594 dubitare
562 1534 789 1615 sapiens
835 1555 1085 1616 nequeat
1110 1576 1125 1593 .
1168 1536 1327 1597 Nam
1361 1556 1490 1596 cum
1537 1535 1752 1593 bonum
1789 1530 2044 1589 malum-

264 1636 375 1695 que
401 1652 423 1687 ,
466 1619 607 1676 item
634 1638 799 1695 poena
826 1637 1007 1697 a‘tque
1053 1624 1345 1695 praemium
1393 1615 1631 1684 adversa
1659 1614 1850 1672 fronte
1889 1608 2044 1667 diffi-

262 1696 437 1752 deant
463 1730 484 1764 ,
527 1718 647 1773 quae
672 1702 731 1751 in
756 1698 895 1753 boni
921 1703 1153 1771 praemio
1180 1700 1442 1754 videmus
1480 1696 1742 1752 accidere
1770 1729 1792 1763 5
1835 1691 2040 1751 eadem

259 1772 482 1829 necesse
505 1772 581 1830 est
608 1774 835 1829 inmali
860 1793 1026 1851 poena
1050 1780 1340 1837 contraria
1364 1836 1370 1843 .
1391 1792 1570 1849 parte·
1604 1772 1988 1849 respondeant
2013 1808 2032 1823 .

265 1854 425 1910 Sicut
449 1855 631 1930 igitur
662 1851 855 1930 probis
873 1850 1286 1930 'probitasipsa
1313 1850 1380 1909 fit
1419 1856 1713 1928 praemium
1744 1872 1756 1906 ε
1803 1852 1884 1906 ita
1930 1853 2044 1904 im-

248 1931 465 2012 ·probis
489 1933 751 2010 nequitia
778 1929 899 2010 ipsa
926 1930 1272 2008 suppTicium
1305 1930 1382 1990 est
1409 1974 1422 1985 .
1468 1929 1592 2008 Jam
1619 1950 1758 1988 vero
1777 1927 2042 2005 'quisquis
2113 1949 2134 1954 “

266 2013 519 2071 afficitur
541 2030 707 2090 poena
736 2047 757 2083 ‚
801 2013 962 2071 malo
988 2011 1041 2070 se
1065 2013 1329 2072 affeewm
1361 2011 1472 2071 effe
1525 2031 1640 2069 nou
1667 2003 1899 2067 dubitat
1923 2049 1936 2063 .
1982 2006 2043 2064 Si

268 2097 446 2173 igitur
473 2091 585 2151 sese
610 2093 709 2172 ipsi
756 2093 1087 2151 existimare
1110 2092 1300 2154 veiint
1327 2131 1348 2167 ‚
1391 2091 1625 2172 possunt
1671 2111 1744 2148 ne
1769 2088 1873 2148 fibi
1913 2087 2045 2168 sup-

270 2177 440 2252 plicii
463 2191 723 2251 expertes
770 2177 953 2232 videri
985 2210 1006 2246 ‚
1048 2195 1191 2254 quos
1218 2175 1508 2234 omnium'
1531 2171 1820 2231 malorum
1855 2172 2048 2229 exire—

270 2275 363 2312 ma
390 2259 650 2333 nequitia
675 2277 791 2313 non
816 2257 997 2314 afficit
1030 2257 1211 2314 modo'
1234 2292 1255 2328 ‚
1301 2274 1502 2316 verum
1528 2260 1708 2313 etiam
1737 2251 2048 2311 vehemen-

271 2354 358 2395 ter
410 2336 645 2394 inficit?
697 2333 847 2394 Vide
863 2354 1057 2394 autem
1102 2339 1186 2395 ex'
1214 2335 1666 2414 adversa'parte
1704 2329 1986 2393 bon-otum
2017 2366 2038 2400 ‚

274 2438 393 2494 quae
418 2415 715 2494 improbos
756 2435 923 2493 poena
972 2419 1283 2475 comitetur
1309 2460 1322 2473 .
1366 2417 1560 2486 Omne
1601 2435 1734 2475 nam
1781 2413 2044 2491 ue'quod

274 2499 388 2568 fit,
430 2519 609 2554 unum
655 2495 811 2566 esse,
854 2495 1155 2575 ipsumque
1196 2513 1379 2556 unum
1429 2497 1644 2569 bonum
1689 2435 1801 2555 esa:
1837 2493 2044 2570 paullo

274 2595 414 2635 ante
438 2575 728 2636 didicisti:
774 2581 865 2634 cui
910 2576 1261 2656 consequens
1303 2579 1383 2641 est
1433 2597 1496 2637 ut
1535 2598 1708 2638 omne
1733 2575 1884 2652 quod
1931 2572 1999 2630 fit
2023 2607 2048 2643 ,

277 2659 339 2716 id
387 2661 563 2715 etiam
612 2657 825 2714 bonum
872 2657 984 2717 effe
1034 2661 1341 2728 videatur.
1397 2657 1547 2720 'Hoc
1595 2662 1775 2738 igitur
1820 2655 2048 2721 niodo,

280 2737 564 2819 quidquid
590 2759 623 2794 a
648 2738 800 2795 bono
823 2739 1069 2813 deficit'·‚
1087 2762 1095 2770 “
1116 2739 1227 2800 effe
1251 2740 1466 2808 desistit
1496 2765 1508 2800 :
1557 2761 1672 2816 quo
1695 2735 1763 2794 fit
1813 2753 1876 2793 ut
1899 2734 2048 2792 mali

280 2820 540 2878 defluant
564 2817 676 2876 esse
697 2822 851 2897 quod
896 2819 1125 2880 fuerant
1152 2863 1165 2877 .
1190 2820 1318 2882 ‘Sed
1346 2821 1515 2880 fuisse
1551 2817 1817 2878 homines
1857 2818 2048 2874 adhuc

282 2899 403 2978 ipsa
428 2901 945 2978 humanicorporis
997 2899 1213 2982 spe'cies
1259 2903 1509 2961 ostentat
1536 2943 1550 2958 .
1595 2918 1770 2983 quare
1794 2899 1935 2958 versi
1982 2902 2047 2954 in

281 2983 570 3039 malitiam
596 3018 615 3052 ,
659 2981 970 3040 humanam
1016 2997 1244 3064 quoque
1287 2981 1530 3042 amisere
1561 2987 1846 3041 'naturam
1873 3021 1887 3035 .
1923 2976 2044 3036 &effi

291 3081 413 3120 cum
436 3063 589 3123 ultra
612 3063 875 3124 homines
920 3082 1205 3144 quemque
1252 3063 1568 3141 provehere
1610 3062 1735 3124 sola
1781 3067 2042 3144 probitas

1277 3143 1324 3201 F
1409 3162 1442 3202 π.
1845 3151 1978 3230 pos.
