2475 3723
541 165 1349 232 PHILOSOPHIAE
1410 165 1603 228 LIB.
1648 164 1727 225 V.
1838 186 1947 228 ηε

241 285 424 370 quod
447 301 642 344 autem
665 305 781 344 non
826 284 1008 363 potest
1031 303 1152 344 non
1170 287 1403 344 evenire
1424 321 1449 356 ,
1493 285 1553 342 id
1598 305 1667 342 ex
1705 287 2035 344 neceffitatb

245 370 601 442 contingere
622 402 644 434 ‚
683 387 894 446 meque
911 369 984 426 ad
1010 367 1129 430 hoc,
1161 389 1375 426 nom-en
1399 365 1745 426 ueceffitatis
1787 364 2038 424 adstrin-

247 469 408 530 gas:
454 443 698 504 Fatebor
745 449 979 526 quidem
1021 469 1141 506 rem
1187 447 1535 508 solidiffimae
1578 451 1894 517 veritatis,
1936 446 2035 503 feel

253 533 362 590 cui
392 533 494 598 yix
518 529 734 607 aliquis
779 529 882 588 nifi
926 531 1120 588 divini
1162 528 1489 608 speculator
1529 527 1820 587 accesserit
1844 569 1859 584 .
1906 525 2039 586 Re-

257 609 566 690 spondebo
590 632 840 690 natuque
863 613 1018 672 idem
1042 610 1303 672 futurum
1329 649 1350 683 ‚
1392 632 1525 673 cum
1546 611 1621 670 ad
1646 612 1911 669 divinam
1932 630 2042 666 no·-

247 698 490 754 tionem
539 690 830 762 refertur,
873 692 1294 763 neceffarium3
1340 715 1471 752 cum
1508 713 1645 752 vero
1690 695 1751 749 in
1796 688 1893 748 sua
1934 711 2041 747 na-

260 793 402 832 tura
449 773 828 850 perpenditur
857 806 878 840 ,
920 771 1168 828 liberum
1211 772 1441 850 prorsus
1486 791 1663 852 atque
1702 769 2039 831 absolutum

245 857 458 915 videri
483 891 496 906 .
542 848 688 906 Duae
715 847 846 907 sunt
889 855 1108 908 etenim
1145 853 1549 924 neceffitates3
1594 851 1837 930 fimplex
1880 873 1991 909 una
2016 885 2043 923 ‚

249 933 460 992 veluti
487 931 640 1008 quod
665 928 884 993 necesse
905 930 984 990 est
1009 968 1030 1003 ,
1055 953 1259 992 omnes
1284 934 1551 1012 homines
1574 931 1689 992 effe
1710 933 1987 991 mortales
2016 953 2039 1000 ς

261 1013 461 1072 altera
487 1012 846 1070 conditionis
869 1048 892 1083 ‚
935 1012 1063 1070 ut-ii
1087 1013 1347 1092 aliquem
1372 1012 1839 1072 ambulare.scias
1862 1047 1883 1081 ‚
1908 1035 2043 1072 eum

259 1089 577 1151 ambulare
618 1091 837 1152 ncceffe
880 1092 960 1150 est
984 1131 1006 1148 .·
1045 1095 1421 1182 Quod-enim
1446 1092 1689 1172 quisque
1724 1094 1940 1162 novit,
1982 1092 2044 1148 id

260 1170 386 1232 effe
407 1173 584 1233 aliter
605 1189 899 1240 acnotum
925 1173 1002 1232 est
1028 1211 1049 1246 ,
1085 1178 1291 1253 nequit
1314 1215 1331 1231 .
1380 1177 1491 1234 Sed
1513 1175 1629 1232 haec
1650 1173 1916 1230 conditio
1936 1175 2048 1230 mis·

259 1257 435 1314 nime
459 1253 648 1318 secum
673 1256 843 1314 illam
883 1255 1208 1334 {implicem
1252 1255 1473 1314 trahit.
1521 1252 1706 1312 Hanc
1742 1254 1900 1312 enim
1942 1273 2047 1312 ne·

235 1335 590 1400 ,ceffitatem
635 1355 752 1396 non
798 1340 1026 1414 propria
1069 1335 1219 1396 facit
1261 1356 1466 1397 natura
1491 1373 1513 1409 ,
1557 1335 1653 1396 sed
1688 1334 2053 1396 conditioniu

266 1415 530 1495 adjeffio
553 1459 567 1475 .
615 1417 803 1478 Nulla
829 1422 986 1479 enim
1026 1418 1327 1479 ‚neceffitas
1349 1425 1507 1501 cogit
1550 1420 1816 1478 incedere
1836 1416 2051 1476 volun-

266 1503 426 1558 tarie
471 1501 836 1580 gradientem
863 1537 882 1571 ,
927 1505 1202 1580 quamvis
1246 1523 1377 1561 eum
1422 1522 1621 1561 tamen
1664 1519 1794 1559 cum
1851 1497 2047 1578 gradi-1·

263 1597 367 1638 tur
389 1617 410 1652 ‚
455 1583 722 1642 incedere
744 1581 1118 1642 necessarium
1142 1581 1211 1642 fit
1235 1625 1251 1642 .
1297 1583 1519 1644 Eodem
1547 1585 1730 1660 igitur
1750 1581 1927 1640 modo
1950 1615 1973 1648 ι,
2007 1577 2046 1642 sn

265 1663 418 1738 quid
465 1663 838 1736 providentia
883 1663 1121 1734 praesens
1167 1665 1377 1732 videt,
1418 1667 1477 1719 id
1522 1661 1635 1719 esse
1680 1661 1899 1722 necesse
1922 1659 2047 1730 est,

267 1738 506 1797 tametsi
571 1737 800 1793 nullam
849 1736 1056 1793 habeat
1101 1758 1319 1794 naturae·
1362 1739 1787 1798 neceffitatem.
1853 1740 2050 1816 Atqui

222 1825 231 1832 ’
256 1816 441 1877 -Deus
463 1837 527 1875 ea
552 1815 748 1875 sutura
792 1835 914 1894 quae
973 1835 1042 1874 ex
1067 1816 1301 1875 arbitrii
1354 1818 1627 1879 libertate
1650 1823 2001 1893 proveniunt
2024 1836 2047 1887 ᾖ

273 1895 588 1977 praesentia,
626 1914 964 1955 contuetur.
1019 1893 1159 1956 Haec
1205 1901 1385 1978 igitur
1424 1899 1499 1956 ad
1546 1899 1827 1955 intuitum
1863 1898 2049 1957 relata

265 1980 552 2039 divinum
577 2014 598 2049 ,
644 1978 948 2039 necessaria
977 1976 1124 2037 fiunt
1147 2000 1248 2058 per
1270 1979 1669 2038 conditionem
1692 1977 1925 2039 divinae·
1946 2000 2053 2037 no-

266 2064 505 2119 sionis:
549 2080 648 2138 per
671 2059 728 2119 se
776 2081 914 2119 vero
958 2060 1313 2122 considerata
1342 2098 1364 2132 ‚
1403 2060 1477 2119 ab
1522 2057 1787 2120 absoluta
1834 2076 2054 2117 natura

275 2138 391 2202 suae
415 2141 686 2201 libertate
707 2163 824 2200 non
869 2142 1132 2205 desinunt
1158 2184 1172 2199 .
1221 2140 1400 2203 Fiunt
1445 2146 1628 2221 igitur
1671 2142 2053 2221 proculdubio

277 2222 488 2284 cunEta
528 2245 648 2303 quae
689 2222 884 2282 futura
930 2222 1096 2284 Deus
1139 2224 1252 2283 effe
1316 2222 1613 2302 praenoscit
1656 2258 1679 2295 ,
1721 2217 1819 2283 sed
1856 2244 2054 2283 eorum

283 2306 546 2385 quaedam
570 2306 850 2363 delibero
892 2304 1334 2382 proficiscuntur
1373 2305 1657 2364 arbitrio:
1702 2324 1823 2384 quae
1846 2326 2059 2385 quam-

281 2391 380 2450 vis
403 2390 676 2445 eveniant
697 2382 1014 2446 exsistendo
1037 2423 1058 2458 ‚
1103 2403 1301 2447 tamen
1326 2392 1615 2463 propriam
1642 2404 1910 2447 naturam
1932 2408 2053 2445 non

279 2472 607 2529 amittunt:
654 2472 789 2544 quia
835 2471 994 2543 prius
1036 2488 1208 2547 quam
1255 2467 1505 2541 fierent,
1548 2474 1728 2527 etiam
1754 2488 1871 2523 non
1916 2487 2051 2525 eve-

279 2554 418 2609 mire
441 2546 757 2625 potuissent
780 2588 794 2604 .
841 2549 1002 2627 Qid
1030 2552 1207 2625 igitur
1230 2548 1406 2608 refert
1428 2572 1545 2609 non
1568 2548 1680 2607 effe
1704 2545 2057 2617 necessaria,

273 2650 427 2691 ,cum
446 2646 682 2706 propter
703 2630 914 2687 divinae
937 2627 1186 2689 scientia
1207 2632 1607 2691 conditionem
1650 2628 1839 2685 modis
1863 2631 2057 2685 omni·-

285 2710 436 2780 buS,
462 2708 805 2768 neceffitatis
827 2708 1008 2769 instar
1028 2746 1050 2782 ,
1093 2713 1412 2772 eveniant?
1456 2708 1593 2767 Hoc
1614 2704 1832 2767 scilicet
1856 2743 1878 2779 ‚
1902 2708 2058 2785 quod

287 2812 360 2851 ea
385 2810 506 2869 quae
529 2790 732 2867 paullo
752 2809 888 2851 ante
929 2790 1246 2871 proposui,
1290 2793 1373 2852 sol
1417 2796 1605 2850 oriens
1628 2822 1651 2858 ‚
1692 2791 1749 2846 ὅτ
1788 2790 2068 2869 gradiens⁸

293 2874 476 2933 homo
501 2908 526 2943 ,
569 2892 688 2949 quae
710 2872 848 2931 dum
871 2871 1020 2932 fiunt
1044 2908 1065 2944 ‚
1109 2896 1224 2935 non
1248 2874 1373 2933 fieri
1397 2892 1512 2929 non
1550 2867 1819 2947 po‘ss‘unt:
1859 2890 2059 2929 eorum

293 2970 496 3013 tamen
525 2973 701 3011 unum
749 2956 908 3031 prius
955 2976 1180 3036 quoque
1205 2976 1378 3034 quam
1422 2952 1584 3011 fieret
1610 2986 1635 3023 ‚
1674 2950 1895 3013 necesse
1934 2968 2057 3011 erat

293 3034 604 3098 cxfisterer
643 3034 897 3097 alterum
923 3056 1058 3099 vero
1094 3041 1376 3099 minime.
1421 3030 1513 3092 lta
1554 3037 1735 3097 etiam
1758 3053 1891 3172 qua}
1920 3051 2063 3114 pra-

1885 3132 1983 3173 en-
